2430 3928
263 209 513 266 OONSTANTIVS
531 211 579 267 ΕΤ
597 211 772 269 IVLIANVS
790 221 839 270 357
996 221 1055 286 101

67 352 234 419 aduertebat
266 355 351 437 quod
382 357 460 419 tunc
490 355 657 439 tripertito
690 357 789 422 exitio
825 361 1056 444 premebantur

66 441 238 526 imperatore
261 447 396 528 urgente
418 442 633 529 pertinatiae,
656 443 794 513 Caesare
816 449 965 532 proximo
983 473 1057 516 nus-

65 551 145 614 quam
166 531 250 598 elabi
276 533 496 618 permittente,
522 533 680 620 finitimis,
708 558 788 620 quor
816 537 928 604 hostes
951 539 1056 606 fecere

63 621 231 707 discordiae,
253 623 350 687 modo
372 643 437 688 non
451 623 604 708 occipitia
627 625 887 694 conculcantibus
910 629 987 694 hinc
1011 631 1056 694 in-

44 709 147 794 meque
177 711 363 777 cinctorum.
408 716 524 797 postea
549 735 626 778 uero
654 737 733 798 pace
760 715 836 782 data
863 717 1057 793 discesserat

63 799 219 886 imperator
243 805 277 866 et
300 801 412 868 sedata
434 802 615 888 iurgiorum
633 804 770 869 materia
792 805 917 873 uicinae
941 813 1055 893 gentes

62 889 114 954 ism
134 891 369 956 concordabant
392 896 425 957 et
447 892 654 977 timpissimus
677 893 767 959 ducis
781 893 920 962 Romani
935 897 1056 982 digres-

63 1001 105 1043 sus
116 977 266 1046 ferociam
279 985 397 1046 natura
410 985 598 1066 conceptam
612 982 702 1048 auxit
716 983 749 1048 in
765 985 877 1051 maius.
925 987 975 1051 17.
991 988 1056 1053 alic

61 1068 156 1133 itidem
169 1070 263 1134 modo
286 1092 338 1136 res
358 1075 408 1136 est
423 1071 602 1156 adgrauata
615 1071 761 1138 Romana
776 1095 815 1138 ex
828 1075 962 1160 negotio
986 1077 1056 1142 tali.

34 1172 50 1208 1⁰
60 1157 129 1242 regii
156 1159 218 1224 duo
248 1160 367 1226 fratres
390 1161 521 1226 uinculo
551 1162 640 1244 pacis
664 1163 821 1248 adstricti,
852 1187 948 1250 quam
972 1187 1055 1232 anno

58 1249 218 1329 praeterito
242 1249 498 1335 impetrauerant
519 1249 752 1337 aOonstantio,
775 1275 834 1318 nec
856 1255 1055 1320 tumultuare

58 1358 106 1401 uec
126 1339 321 1404 commoneri
350 1344 425 1406 sunt
452 1340 532 1406 ausi.
578 1340 634 1405 scd
661 1341 759 1424 paulo
786 1347 903 1426 postea
929 1366 992 1408 uno
1016 1367 1056 1410 ex

58 1425 99 1490 his
112 1425 328 1514 Gundomado,
352 1430 408 1515 qui
429 1430 540 1514 potior
560 1433 631 1494 erat
653 1431 790 1515 fideique
814 1431 976 1516 firmioris,
997 1455 1056 1517 per

58 1514 176 1582 insidias
205 1517 402 1604 interempto
433 1520 539 1585 omnis
570 1520 638 1584 eius
667 1520 805 1604 populus
833 1543 905 1586 curn
933 1523 1055 1588 nostris

31 1626 47 1664 a
57 1603 192 1672 hostibus
217 1609 416 1694 conspirauit
438 1613 472 1676 et
496 1609 666 1675 confestim
685 1609 875 1676 Vadomarii
896 1612 989 1696 plebs
1013 1651 1055 1659 —

59 1745 246 1764 ............
268 1704 307 1765 ut
330 1699 501 1766 adserebat
524 1737 566 1748 -—
592 1699 776 1783 agminibus
791 1699 879 1766 bella
902 1701 1056 1767 cientium

57 1786 254 1854 barbarorum
277 1813 348 1856 sese
372 1791 547 1856 coniunxit.

134 1879 182 1945 18.
192 1877 325 1945 Cunctis
344 1881 447 1966 igitur
459 1881 593 1947 summis
606 1880 791 1966 infimisque
802 1881 1055 1965 adprobantibus

58 1969 121 2032 tunc
143 1973 300 2053 oportune
316 1972 587 2056 congrediendum
604 1991 664 2036 nec
678 1971 717 2035 de
739 1972 848 2056 rigore
872 1971 1056 2036 animorum

30 2056 215 2142 eqnequam
250 2060 493 2126 remittentibus
535 2060 730 2130 exclamauit
771 2060 879 2126 subito
921 2060 1057 2144 signifer

58 2145 158 2232 perge,
179 2147 369 2215 felicissime
383 2151 528 2216 omnium
542 2149 671 2234 Caesar,
694 2171 756 2235 quo
780 2154 813 2214 te
836 2149 968 2214 fortuna
985 2172 1057 2234 pro-

59 2237 167 2317 sperior
189 2238 291 2304 ducit:
313 2241 445 2306 tandem
467 2262 525 2325 per
548 2245 581 2306 te
604 2239 761 2305 uirtutem
775 2244 808 2304 et
822 2239 959 2304 consilia
973 2239 1057 2303 mili-

58 2326 117 2390 tare
138 2328 304 2394 sentimus.
349 2332 362 2395 i
383 2330 535 2415 praeuius
558 2333 595 2395 ut
616 2329 742 2394 faustus
767 2329 999 2412 antesignanus
1024 2332 1057 2391 et

57 2411 154 2480 fortis:
180 2419 367 2503 experieris,
395 2420 472 2504 quid
499 2419 595 2484 miles
624 2418 683 2484 sub
707 2420 882 2501 conspectu
908 2416 1058 2482 bellicosi

30 2521 48 2560 s
59 2501 187 2570 ductoris
210 2507 368 2592 testisque
392 2508 551 2574 indiuidui
583 2507 812 2593 gerendorum,
844 2506 939 2572 modo
972 2506 1058 2572 adsit

60 2611 196 2675 superum
205 2618 333 2682 numen,
342 2597 468 2663 uiribus
479 2597 598 2663 efficiet
612 2597 780 2662 excitatis'.
815 2595 865 2662 19.
875 2595 927 2662 his
938 2596 1057 2662 auditis

60 2701 120 2746 cum
146 2685 254 2750 nullae
286 2686 474 2752 laxarentur
505 2687 665 2771 indutiae,
695 2689 865 2770 promotus
898 2686 1057 2751 exercitus

58 2791 145 2856 prope
167 2773 285 2840 collem
313 2776 444 2842 aduenit
467 2777 614 2842 molliter
636 2775 767 2858 editum,
795 2780 944 2860 opertum
969 2795 1058 2858 sege·

59 2858 134 2926 tibus
156 2863 221 2928 iam
244 2866 391 2950 maturis,
415 2889 434 2931 a
458 2865 640 2950 superciliis
654 2863 762 2930 Rheni
784 2865 866 2930 haut
888 2864 987 2948 longo
1011 2865 1058 2928 in-

30 2951 183 3018 feteruallo
215 2953 403 3020 distantem:
441 2977 459 3020 e
491 2955 581 3020 cuius
613 2955 801 3020 summitate
838 2953 1056 3036 speculatores

59 3034 189 3106 hortium
211 3047 279 3108 tres
294 3044 418 3129 equites
434 3045 533 3110 exciti
556 3044 664 3110 subito
678 3043 860 3110 nuntiaturi
873 3041 1058 3108 Romanum

60 3129 221 3196 exercitum
253 3132 427 3199 aduentare
459 3133 655 3200 festinarunt
687 3133 727 3198 ed
755 3155 840 3218 suos,
871 3155 953 3198 unus
980 3155 1057 3197 uero

60 3217 152 3304 pedes,
173 3221 229 3304 qui
253 3223 345 3308 sequi
357 3244 423 3288 non
440 3224 557 3308 potuit,
580 3226 692 3307 captus
708 3223 857 3306 agilitate
871 3227 1058 3288 nostrorum

60 3346 257 3365 --—-—-.-

117 3417 147 3467 10
162 3413 234 3484 regii
252 3413 308 3468 duo
328 3412 354 3467 G
371 3430 452 3486 reges
470 3415 526 3472 duo
539 3416 566 3469 A
584 3413 695 3470 residuo
711 3413 779 3470 VPb
815 3419 845 3469 11
864 3415 903 3468 im
925 3414 1056 3469 creuerat

65 3473 106 3530 VP
144 3485 175 3536 lt
191 3481 274 3550 plebs
293 3482 355 3552 [lac.
375 3487 406 3536 12
424 3483 488 3554 zita]
506 3486 540 3538 ut
560 3483 612 3540 VP
629 3482 748 3537 subinde
766 3483 885 3538 tremuit
929 3551 934 3560 Ι
959 3496 1010 3535 om.
1032 3481 1059 3534 G

62 3541 103 3599 lac.
121 3547 166 3604 uae
190 3549 271 3604 mode
294 3551 416 3618 repleat:
442 3581 475 3592 -
500 3551 562 3621 ipse
589 3553 664 3606 enim
691 3551 828 3621 religione
854 3548 1058 3628 prohibebatur

63 3616 89 3664 16
103 3614 266 3672 adserebant
290 3617 315 3672 G
357 3625 389 3674 23
410 3619 421 3672 i
441 3619 534 3675 Gom.
557 3619 643 3676 VPba
687 3619 850 3672 assuitibus
877 3618 1004 3674 Valesius
1025 3625 1058 3671 ut

62 3679 133 3735 rebus
151 3683 218 3739 VPb
235 3684 271 3738 iis
288 3685 370 3740 rebus
388 3685 415 3741 G
432 3687 462 3741 in
479 3688 564 3744 rebus
582 3689 609 3742 A
677 3692 711 3742 ⁶29
728 3685 811 3740 hreni
832 3685 858 3740 V
