2430 3928
133 173 174 238 78
547 169 613 224 XVI
632 175 656 236 2,
679 175 760 223 1-12

131 315 273 380 nutritus
298 335 336 377 ex
360 313 541 378 academiae
570 313 688 397 quietis
712 311 910 375 umbracrdis
936 332 1002 375 non
1024 333 1041 374 0
1064 311 1152 374 mili·

131 405 195 469 tari
217 401 428 466 tabernaculo
452 403 487 466 in
508 403 676 486 puluerem
698 399 854 465 Martium
881 403 1015 482 tractus,
1044 403 1151 464 strata
1202 404 1206 414 '

132 492 305 558 Germania
327 491 515 575 pacatisque
539 491 675 575 rigentis
692 489 799 554 Rheni
822 489 992 571 meatibus,
1015 493 1151 554 cruenta

132 582 326 667 spirantium
354 599 468 664 regum
495 580 549 645 hic
576 579 768 664 sanguinem
795 579 888 662 fudit,
920 577 1000 642 alibi
1032 599 1149 642 manus

131 671 252 736 catenis
277 669 411 734 adflixit.
1164 687 1171 698 ·

220 759 252 825 2.
263 761 290 822 1.
298 758 410 842 Agens
422 760 531 843 itaque
538 759 744 842 negotiosam
752 757 894 822 hiemem
902 757 986 840 apud
993 756 1150 840 oppidum

131 849 342 915 antedictum
356 848 441 911 inter
463 869 619 930 rumores,
638 848 694 931 qui
716 847 904 911 uolitabant
916 845 1051 928 adsidui,
1075 867 1150 909 con-

130 940 216 1023 perit
243 937 475 1020 Augustuduni
505 936 649 1001 ciuitatis
683 935 835 1020 antiquae
867 957 977 998 muros
1009 935 1150 1017 spatiosi

131 1028 260 1111 quidem
284 1025 424 1090 ambitus
453 1027 509 1090 sed
532 1025 617 1090 carie
641 1025 815 1090 uetustatis
844 1023 1005 1088 inualidos
1033 1023 1150 1087 barba·

129 1138 240 1180 rorum
263 1115 386 1197 impetu
399 1115 569 1197 repentino
593 1115 743 1197 insessos,
765 1116 914 1197 torpente
927 1113 1149 1195 praesentium
1163 1127 1184 1164 10

130 1204 273 1268 militum
296 1224 393 1268 manu
407 1206 579 1268 ueteranos
604 1203 849 1268 concursatione
872 1197 1027 1285 peruigili
1042 1200 1149 1264 defen-

130 1295 224 1376 disse,
247 1296 283 1356 ut
305 1292 390 1356 solet
413 1291 553 1375 abrupta
575 1314 670 1376 saepe
685 1291 873 1356 discrimina
896 1289 1010 1354 salutis
1030 1289 1150 1354 ultima

130 1381 312 1466 desperatio
322 1381 521 1465 propulsare.
544 1383 575 1446 2.
588 1381 672 1446 nibil
682 1382 792 1464 itaque
801 1379 1042 1444 remittentibus
1053 1380 1148 1460 curis,
1212 1391 1213 1470 1

130 1471 279 1536 ancillari
307 1471 494 1535 adulatione
521 1471 719 1554 posthabita,
747 1493 811 1554 qua
839 1491 912 1534 eum
939 1468 1081 1551 proximi
1109 1469 1148 1531 ad
1212 1483 1213 1490 ¹

130 1561 360 1625 amoenitatem
387 1559 560 1624 flectebant
588 1565 621 1624 et
648 1559 769 1642 luxum,
796 1559 877 1624 satis
901 1557 1051 1622 omnibus
1076 1579 1149 1621 con·
1163 1571 1186 1609 15

128 1649 253 1732 paratis
277 1651 427 1712 octauum
445 1648 599 1713 kalendas
620 1648 721 1712 Iulias
740 1647 1015 1732 Augustudunum
1038 1668 1150 1730 perue-

128 1739 178 1801 nit
208 1737 299 1800 uelut
328 1737 393 1800 dux
422 1737 592 1802 diuturnus
620 1738 745 1802 uiribus
769 1737 913 1801 eminens
937 1740 970 1800 et
1000 1735 1147 1800 consiliis

128 1848 187 1908 per
201 1825 329 1889 diuersa
350 1825 498 1908 palantes
523 1827 680 1891 barbaros
704 1827 761 1890 ubi
780 1826 921 1890 dedisset
938 1825 1005 1889 fors
1020 1825 1149 1907 copiam

129 1915 348 1998 adgressurus.
373 1914 402 1978 3.
416 1914 529 1979 habita
543 1916 652 2000 itaque
663 1915 898 1980 deliberatione
913 1913 1147 1978 adsistentibus

128 2003 274 2068 locorum
305 2003 434 2086 peritis,
466 2005 627 2087 quodnam
659 2005 722 2068 iter
754 2005 930 2088 eligeretur
961 2007 998 2067 ut
1029 2005 1148 2086 tutum,
1162 2019 1186 2056 2⁰

128 2092 232 2156 multa
254 2091 341 2155 ultro
366 2092 511 2176 citroque
535 2094 725 2158 dicebantur
749 2093 823 2156 aliis
846 2115 904 2176 per
927 2091 1039 2156 Arbor
1048 2141 1147 2156 ......

127 2229 260 2245 ........
285 2180 477 2264 quibusdam
506 2204 563 2266 per
588 2181 799 2247 Sedelaucum
828 2179 1001 2246 01001010
1029 2181 1071 2244 iri
1095 2181 1146 2245 de-

127 2270 204 2335 bere
218 2269 432 2334 firmantibus.
468 2271 498 2334 4.
513 2271 569 2335 sed
583 2294 656 2336 cum
671 2272 876 2336 subsererent
891 2270 1021 2354 quidam
1041 2267 1147 2334 Silua-

126 2365 205 2425 num
227 2359 325 2443 paulo
349 2363 424 2423 ante
447 2361 640 2444 magistrum
662 2359 808 2443 peditum
830 2382 888 2444 per
911 2358 1145 2442 conpendiosas

126 2450 206 2531 uias,
229 2471 342 2512 uerum
365 2454 530 2531 suspectas
545 2451 622 2533 quia
644 2449 787 2513 tenebris
806 2448 918 2514 multis
942 2449 1146 2532 umbrantur,
1162 2466 1188 2503 2⁵

127 2558 199 2600 cum
214 2540 287 2600 octo
303 2537 508 2603 auxiliarium
530 2539 663 2602 milibus
684 2557 779 2622 aegre
802 2538 968 2620 transisse,
992 2537 1144 2602 fidentius

126 2623 245 2689 Caesar
273 2624 439 2689 audaciam
466 2626 530 2690 uiri
558 2627 654 2691 fortis
683 2627 806 2691 imitari
833 2647 1031 2710 magnopere
1063 2627 1145 2690 nite-

125 2715 231 2778 batur.
246 2711 276 2777 5.
285 2717 317 2776 01
326 2736 431 2797 nequa
441 2715 636 2779 interueniat
645 2737 746 2798 mora,
755 2716 910 2781 adhibitis
921 2715 1144 2798 cataphracta-

124 2802 183 2866 riis
211 2802 291 2866 solis
315 2806 348 2866 et
375 2803 566 2868 ballistariis
594 2827 709 2887 parum
732 2805 773 2868 ad
799 2805 954 2870 tuendum
982 2809 1143 2868 rectorem

124 2888 249 2956 idoneis
273 2913 424 2975 percurso
449 2893 561 2956 eodem
574 2893 690 2958 itinere
705 2893 960 2959 Autosiodorum
983 2894 1142 2976 peruenit.
1159 2911 1187 2950 ³0

125 2981 226 3045 aubi
248 2981 350 3064 breui,
373 2981 456 3046 sicut
474 2982 610 3066 solebat,
633 2983 701 3047 otio
717 3005 789 3047 cum
804 2984 908 3048 milite
922 2986 1086 3048 recreatus
1101 2983 1142 3047 ad

192 3214 207 3261 2
226 3209 328 3260 artium
351 3207 403 3261 VP
470 3209 584 3263 3rheni
601 3210 681 3278 Pbpu
702 3210 785 3264 hreni
808 3209 833 3263 V
899 3215 914 3262 7
934 3208 1096 3278 adsiduiqpi
1118 3209 1142 3260 V

125 3282 156 3329 10
177 3276 308 3344 torpente
329 3274 355 3330 G
377 3277 502 3330 torrente
530 3277 615 3332 VPbo
685 3277 864 3332 1001001100
886 3278 938 3346 bpo
961 3277 1094 3332 oronibus
1116 3275 1143 3331 V

123 3342 297 3398 orationibus
313 3344 341 3397 P
409 3345 553 3398 20101001
571 3346 702 3414 0901010
723 3345 775 3400 VP
837 3345 969 3414 apanis
992 3345 1043 3398 VP
1095 3361 1138 3398 ar·

122 3412 174 3465 bor
199 3412 261 3480 [loc.
286 3419 317 3466 16
340 3411 404 3479 litt]
426 3411 477 3464 VP
495 3412 656 3480 arborosam
674 3415 725 3482 bpa
759 3413 1093 3468 22100010000010010
1114 3411 1140 3465 V

123 3479 205 3533 sedes
222 3478 379 3532 Leucorum
399 3478 425 3530 G
481 3485 514 3532 25
530 3481 598 3548 quia
614 3481 741 3535 tenebris
760 3481 786 3534 G
804 3481 920 3548 quiante
943 3481 1092 3536 mumibris
1115 3479 1140 3534 V

119 3563 172 3614 pro
190 3547 285 3600 multis
302 3546 367 3612 fort.
385 3562 436 3600 scr.
454 3545 541 3599 saltus
576 3554 609 3601 27
623 3554 687 3615 post
704 3547 849 3602 nitebatur
866 3549 917 3604 lac.
929 3555 944 3603 8
957 3549 1012 3608 titt.
1024 3549 1135 3603 Pnite·

123 3615 206 3666 batur
217 3613 324 3668 cunctis
334 3613 442 3668 uiribus
456 3615 507 3683 090
541 3614 595 3669 *30
607 3615 807 3670 Autosidorum
823 3616 848 3669 G
866 3617 1069 3672 autosudorum
1084 3615 1136 3670 VP
