2430 3928
144 185 186 250 ὦ
531 181 771 248 mamma

144 347 288 413 gressus,
325 326 488 391 Iulianum
520 322 692 390 Gaesarem
724 324 935 410 conperisset,
969 323 1158 390 exclamauit

144 418 230 483 hunc
253 418 387 481 deorum
410 415 533 498 templa
555 418 789 498 reparaturum.

234 507 269 572 9.
283 507 310 570 1.
320 504 459 569 Proinde
471 504 624 590 quoniam
634 541 676 549 -
686 507 722 568 ut
731 502 926 567 Mantuanus
937 505 1028 567 uates
1039 502 1158 586 praedi·
1211 533 1212 600 p

143 598 193 663 xit
207 595 352 661 excelsus
369 630 412 640 -
427 593 540 658 ‘maius
551 615 631 676 opus
642 593 767 658 moueo’
777 591 944 676 maiorque
964 591 1159 655 mihirerum
1211 601 1212 614 *

144 686 289 751 nascitur
317 685 410 768 ordo,
443 682 626 748 Galliarum
653 687 777 748 tractus
807 685 841 746 et
868 682 967 746 situm
995 682 1183 746 ostenderet

144 779 224 860 puto
247 796 333 839 nunc
355 773 601 858 tempestiuum,
628 794 669 836 ne
697 773 782 836 inter
803 771 990 855 procinctus
1014 771 1159 835 ardentes

145 864 407 949 proeliorumque
421 862 531 927 uarios
547 884 639 926 casus
654 862 769 946 ignota
784 860 977 945 quibusdam
992 860 1159 944 expediens

147 954 270 1018 imitari
301 952 413 1017 uidear
445 951 571 1016 desides
607 951 768 1032 nauticos,
805 950 926 1014 adtrita
957 949 1060 1014 lintea
1092 972 1161 1014 cum
1212 1023 1213 1040 ,

146 1043 350 1124 rudentibus,
383 1063 464 1124 quae
492 1040 586 1105 licuit
612 1040 723 1124 parari
750 1039 907 1122 securius,
935 1039 1021 1104 inter
1047 1039 1161 1104 fluctus
1212 1053 1213 1144 p

146 1131 303 1197 resarcire
327 1134 456 1194 coactos
481 1133 513 1193 et
535 1132 755 1212 tempestates.
792 1129 822 1192 2.
842 1127 1045 1212 ambigentes
1069 1151 1162 1212 super
1177 1149 1213 1204 10}

149 1221 276 1304 origine
308 1220 414 1302 prima
446 1217 616 1283 Gallorum
648 1219 822 1302 scriptores
854 1221 980 1282 ueteres
1012 1218 1163 1282 notitiam

148 1311 309 1393 reliquere
336 1308 462 1393 negotii
486 1307 711 1390 semiplenam,
741 1307 797 1370 sed
827 1311 942 1390 postea
970 1305 1162 1392 Timagenes

148 1403 181 1463 et
208 1398 380 1482 diligentia
408 1396 549 1462 Graecus
579 1400 613 1460 et
644 1396 757 1480 lingua
787 1395 868 1460 haec
896 1418 977 1480 quae
1005 1396 1060 1460 diu
1091 1403 1164 1462 sunt

150 1489 302 1574 ignorata
326 1487 460 1570 collegit
483 1509 522 1549 ex
545 1485 780 1568 multiplicibus
803 1485 907 1549 libris.
955 1485 1045 1550 cuius
1069 1485 1164 1550 fidem

149 1577 251 1642 secuti
279 1576 478 1640 obscuritate
506 1575 629 1639 dimota
661 1574 773 1638 eadem
800 1575 951 1638 distincte
979 1573 1164 1639 docebimus
1180 1593 1200 1629 1⁵

150 1670 182 1731 et
205 1668 325 1748 aperte.
371 1666 401 1728 3.
415 1662 614 1747 Aborigines
627 1663 751 1747 primos
770 1663 805 1727 in
818 1663 870 1728 his
884 1662 1075 1747 regionibus
1100 1665 1166 1748 qui·
1213 1649 1214 1686 l

149 1755 223 1819 dam
246 1754 335 1818 uisos
359 1773 429 1816 esse
452 1752 631 1834 firmarunt,
655 1750 756 1816 Geltis
779 1753 910 1816 nomine
933 1753 1021 1836 regis
1045 1754 1167 1816 amabi·

149 1844 190 1907 lis
215 1845 249 1906 et
270 1842 384 1905 matris
409 1842 477 1905 eius
501 1841 659 1906 uocabulo
675 1840 809 1906 Galatas
834 1842 937 1905 dictos
952 1842 1057 1906 —ita
1080 1843 1167 1906 enim

149 1930 262 1996 Gallos
287 1953 393 1994 sermo
418 1928 560 1994 Graecus
584 1929 786 2014 appellat-
804 1930 862 1994 alii
885 1930 1061 1995 Dorienses
1085 1933 1168 1995 anti-

150 2021 296 2105 quiorem
329 2023 454 2084 secutos
486 2018 662 2084 Herculem
690 2019 802 2084 oceani
838 2019 928 2083 locos
964 2019 1168 2084 inhabitasse
1183 2042 1205 2075 a·

149 2110 299 2176 confines.
343 2110 375 2174 4.
398 2108 556 2176 Drasidae
577 2113 812 2172 memorantis
833 2131 912 2173 uera
931 2107 1032 2172 fuisse
1053 2111 1168 2192 populi

146 2202 275 2283 partem
297 2198 493 2282 indigenam,
517 2199 573 2262 sed
597 2197 679 2262 alios
704 2219 830 2281 quoque
850 2199 891 2262 ab
906 2197 1021 2261 insulis
1036 2198 1169 2262 extimis

148 2287 340 2354 confluxisse
365 2293 397 2352 et
423 2288 580 2352 tractibus
608 2286 867 2369 transrhenanis,
896 2286 1072 2351 crebritate
1100 2287 1170 2350 bel-

147 2378 255 2442 lorum
279 2381 312 2441 et
335 2377 506 2441 adluuione
530 2376 648 2440 feruidi
663 2375 761 2440 maris
777 2376 907 2442 sedibus
923 2374 989 2439 suis
1005 2376 1171 2460 expulsos.

148 2466 177 2530 5.
193 2467 285 2530 aiunt
300 2466 431 2550 quidam
445 2488 563 2549 paucos
584 2467 659 2548 post
674 2463 834 2528 excidium
849 2464 967 2529 Troiae
986 2463 1172 2549 fugitantes
1189 2487 1199 2520 2

149 2553 290 2618 Graecos
322 2555 441 2637 ubique
474 2555 636 2638 dispersos
668 2554 742 2618 loca
773 2553 853 2618 haec
883 2573 1058 2636 occupasse
1091 2557 1173 2618 tnnc

148 2664 260 2708 uacua.
297 2643 326 2706 6.
340 2643 512 2726 regionum
526 2647 635 2707 autem
648 2643 775 2707 incolae
789 2643 823 2706 id
832 2643 938 2726 magis
949 2644 1101 2708 omnibus
1117 2645 1175 2707 ad-

150 2734 310 2814 seuerant,
334 2731 419 2814 quod
434 2731 532 2795 etiam
546 2753 606 2795 nos
620 2731 760 2815 legimus
775 2732 810 2795 in
823 2732 1042 2796 monumentis
1058 2755 1174 2797 eorum

149 2820 302 2903 incisum,
330 2819 580 2904 Amphitryonis
608 2819 713 2885 filium
735 2819 911 2886 Herculem
938 2820 978 2884 ad
1006 2820 1175 2906 Geryonis

150 2913 184 2974 et
207 2908 355 2973 Taurisci
373 2909 523 2988 ¹saeuium
545 2913 759 2994 tyrannorum
781 2910 958 2994 perniciem
985 2909 1176 2994 festinasse,
1193 2935 1209 2970 a·

151 3020 288 3081 quorum
311 2999 394 3062 alter
417 2997 608 3083 Hispanias,
636 2999 720 3063 alter
744 2997 869 3063 Gallias
898 2997 1091 3064 infestabat:
1119 3023 1178 3064 su-

154 3159 337 3167 ——---—.--..
347 3162 367 3166 .-

217 3262 233 3311 3
249 3256 327 3327 Verp.
339 3258 409 3313 Aen.
423 3257 485 3312 VII
495 3262 605 3314 44-45.
657 3267 674 3314 4
689 3209 762 3328 tipus
780 3214 990 3367 moueotiiiaius
1011 3257 1039 3312 V
1071 3261 1181 3314 eorda

155 3375 243 3445 V³bpa
261 3375 296 3430 de
313 3373 409 3432 V¹Pr‚
444 3378 498 3430 *12
516 3379 617 3446 postea
630 3381 693 3446 (om.
706 3378 854 3450 nyssena.)
873 3377 906 3430 ut
922 3376 1062 3447 imagines
1078 3379 1105 3432 V
1119 3395 1183 3448 po-

151 3445 213 3498 stea
230 3445 263 3497 ut
284 3444 443 3514 timagenes
461 3446 488 3499 P
523 3451 554 3498 13
573 3445 623 3498 dili
645 3446 810 3500 entius-VP
843 3445 913 3499 hacc
939 3445 1042 3516 0111119
1077 3453 1108 3502 15
1129 3448 1184 3500 di-

150 3511 254 3578 stinete
277 3511 303 3563 V
374 3517 404 3566 18
422 3513 463 3566 ita
482 3513 557 3566 enim
576 3530 614 3633 ga
635 3528 666 3567 os
687 3514 795 3568 VGAP
812 3527 863 3566 om.
879 3515 911 3568 rb
980 3520 1013 3569 23
1035 3516 1066 3569 et
1089 3515 1115 3569 G
1139 3535 1184 3572 cx

155 3577 242 3634 VPta
288 3586 320 3633 25
338 3579 494 3648 fugitantes
518 3579 577 3634 Ge
612 3581 768 3650 fugitantes
794 3581 879 3636 Van
926 3585 982 3638 *30
1000 3597 1119 3638 saeuum
1156 3587 1189 3638 V

150 3661 297 3700 saemnum
319 3647 347 3700 P
369 3662 519 3702 saeuorum
538 3648 589 3716 bpa
