2430 3928
271 197 588 254 CONSTANTIVS'ET
606 199 781 257 IVLIANVS
799 209 848 258 35⁷
1007 207 1067 272 103

74 361 172 406 arcana
192 341 274 407 hunc
296 340 400 406 filium
424 363 518 407 auum
540 340 784 427 Agenarichum
812 343 951 430 genitali
973 359 1068 414 uoc‘u-
1194 381 1195 384 ¹

73 429 137 496 bulo
148 429 327 497 dictitatnm
341 431 381 496 ed
396 429 584 517 Serapionis
599 432 770 500 transtulit
787 454 916 500 nomen.
939 435 991 502 26.
1005 436 1066 502 hos

72 519 265 602 sequebantur
287 522 452 604 potestate
474 521 616 606 proximi
637 543 732 609 reges
755 545 891 590 numero
923 524 1064 611 quinque

71 607 239 695 regalesque
267 609 378 676 decem
405 613 439 675 et
466 610 663 695 optimatum
690 613 791 679 series
819 633 941 698 magna
963 632 1066 681 ermn-

48 701 218 783 atorumque
242 699 336 764 milia
358 698 497 784 triginta
520 703 553 766 et
576 701 726 788 quinque,
750 721 788 768 ex
802 703 903 769 uariis
926 703 1065 770 nationi-

69 785 117 852 bus
135 788 252 871 portim
274 789 433 872 mercede,
465 790 588 873 purtim
617 795 714 875 pacto
737 791 972 858 uicissitudinis
995 793 1065 859 red·

68 875 170 941 dundee
192 878 348 962 quaesita.
481 961 483 967 A
627 934 630 942 ,

139 965 329 1053 iliumque
338 970 468 1033 toruum
478 969 747 1054 concrepantibus
757 968 991 1036 tubisSeuerus
1000 971 1063 1038 dur

67 1052 269 1122 Romanorum
292 1057 394 1122 aciem
417 1057 561 1142 dirigens
585 1059 713 1124 laeuam
737 1079 810 1126 curn
832 1081 934 1144 prope
957 1059 1063 1126 fossas

39 1148 246 1210 sarmatorum
269 1147 406 1212 refertas
429 1147 583 1232 uenisset,
605 1147 690 1213 unde
713 1147 909 1234 dispositum
933 1153 1004 1215 erat
1026 1153 1064 1215 ut

66 1232 151 1299 abditi
171 1239 306 1320 repente
331 1236 437 1300 exorti
464 1240 580 1302 cuncta
606 1237 791 1322 turbarent,
819 1239 913 1304 stetit
939 1238 1063 1324 inpuni-

65 1321 110 1386 dus
131 1325 373 1410 suspectiorque
397 1325 435 1390 de
459 1325 606 1392 obscuris
628 1347 688 1392 nec
702 1327 823 1392 referre
847 1327 985 1412 gradum
1004 1343 1063 1393 nec

64 1411 181 1478 ulterius
204 1413 255 1480 ire
278 1415 463 1498 temptauit.
499 1416 551 1482 28.
576 1438 639 1501 quo
662 1416 735 1482 uiso
759 1417 923 1481 animosus
948 1421 1062 1482 contra

63 1499 173 1568 labores
196 1504 357 1570 maximos
374 1501 493 1570 Caesar
507 1505 653 1570 ducentis
678 1505 841 1591 equitibus
861 1509 1003 1589 saeptus,
1025 1511 1063 1571 ut

35 1608 52 1647 u
63 1591 143 1658 ardor
164 1593 292 1678 negotii
314 1593 501 1677 flagitabat,
529 1595 662 1678 agmina
688 1593 835 1678 peditum
862 1593 987 1678 impetu
1009 1615 1063 1660 ue-

62 1679 113 1744 loci
121 1681 302 1748 decurrens
311 1683 420 1748 uerbis
430 1682 632 1749 hortabatur.
655 1684 708 1748 29.
723 1688 757 1749 et
766 1683 920 1769 quoniam
930 1683 1063 1770 adloqui

60 1769 167 1852 pariter
194 1793 308 1838 omnes
335 1790 394 1837 nec
426 1772 597 1857 longitudo
626 1773 807 1858 spatiorum
839 1777 972 1840 extenta
1002 1793 1063 1838 nec

61 1857 199 1926 inunum
222 1865 356 1928 coactae
379 1861 599 1928 multitudinis
622 1863 829 1946 permitteret
846 1861 1003 1929 crebritas
1019 1899 1061 1910 --

61 1951 86 2012 et
105 1949 224 2035 alioqui
248 1951 377 2016 uitabat
405 1951 565 2036 grauioris
593 1951 735 2018 inuidiae
762 1952 887 2036 pondus
910 1973 952 2016 ne
974 1951 1062 2016 uide·

33 2041 134 2103 uretur
164 2039 198 2104 id
232 2040 412 2106 adfectasse
444 2041 531 2125 quod
563 2041 626 2106 soli
658 2041 722 2106 sibi
753 2040 864 2106 deberi
890 2040 1060 2126 Augustus

61 2125 316 2196 existimabat-
336 2129 461 2194 cautior
485 2129 536 2195 sui
558 2129 703 2196 hostium
725 2130 794 2195 tela
815 2129 1061 2215 praeteruolans

60 2214 100 2281 his
120 2223 151 2283 et
174 2217 340 2284 similibus
363 2222 460 2284 notos
483 2218 608 2303 pariter
622 2224 656 2285 et
678 2220 809 2304 ignotos
824 2220 865 2285 ed
879 2218 1061 2284 faciendum

59 2303 173 2373 fortiter
182 2309 381 2374 accendebat
396 2309 448 2375 30.
461 2308 616 2393 ‘aduenit
630 2307 750 2394 osocii,
764 2311 886 2375 iustum
894 2307 1061 2392 pugnandi

59 2395 111 2460 iam
139 2401 270 2483 tempus
303 2398 383 2463 olim
415 2401 605 2482 exoptatum
640 2397 723 2463 mihi
757 2397 939 2480 uobiscum,
976 2394 1062 2480 quod

31 2485 180 2552 cananae
194 2491 407 2571 arcessentes,
426 2509 516 2552 arma
529 2486 684 2573 inquietis
698 2487 840 2554 motibus
854 2484 1062 2570 poscebabis'.

58 2574 98 2638 31.
114 2576 192 2640 item
206 2599 282 2642 cum
296 2576 337 2641 ud
351 2575 433 2641 alios
456 2576 688 2662 postsignanos
711 2577 748 2642 in
770 2575 838 2642 acie
861 2574 986 2642 locatos
1010 2595 1062 2640 ex·

58 2667 147 2730 trema
167 2666 316 2732 uenisset
339 2664 405 2730 ‘eu’
428 2665 536 2752 inquit
558 2665 810 2751 ‘conmilitones,
832 2665 889 2730 diu
912 2667 1061 2749 speratus

58 2759 171 2831 praesto
196 2759 249 2821 est
271 2754 340 2820 dies
365 2755 550 2839 compellens
573 2777 633 2820 nos
657 2777 769 2821 omnes
791 2755 889 2820 elutis
912 2753 1060 2838 pristinis

58 2843 177 2910 maculis
204 2843 374 2910 Romanae
402 2844 569 2910 maiestati
596 2844 729 2909 reddere
758 2844 928 2930 proprium
956 2843 1061 2908 decus.

28 2925 85 2992 chi
109 2938 181 2998 sunt
208 2933 356 3018 barbari,
390 2955 469 3020 quos
497 2933 605 3000 rabies
634 2937 667 2999 et
693 2934 873 2999 inmodicus
901 2932 993 2997 furor
1021 2931 1061 3026 ad

58 3021 221 3098 perniciem
242 3045 351 3088 rerum
374 3045 506 3089 suarum
529 3023 639 3108 coegit
662 3043 828 3090 occurrere
847 3020 970 3087 nostris
985 3020 1061 3086 uiri·

57 3105 107 3172 bus
119 3112 371 3196 opprimendou'.
394 3113 446 3178 32.
466 3113 549 3179 elios
563 3113 678 3179 itidem
691 3111 837 3178 bellandi
850 3133 911 3176 usu
933 3110 1060 3176 diutino

57 3197 201 3265 callentes
231 3201 339 3285 aptius
369 3201 521 3267 ordinans
549 3201 602 3266 his
627 3201 909 3268 exhortationibus
933 3201 1079 3290 adiuues
1194 3251 1195 3254 κ

59 3355 260 3374 Ἢ

116 3467 147 3516 13
164 3481 221 3542 quo
243 3466 296 3536 bgc
314 3465 364 3534 qui
385 3443 436 3520 VP'
506 3469 537 3518 16
562 3463 721 3544 discurrens
746 3463 772 3520 G
790 3464 951 3519 discurrent
975 3460 1062 3542 VPbc

58 3527 1062 3655 locaret?eliud,bllaalltrwtt'tattlc

59 3660 204 3721 maiestatis
224 3667 312 3722 VPba
379 3667 628 3738 rebellandique
644 3667 770 3722 uellandi
792 3665 843 3720 VP
