2530 3922
133 163 240 218 XXIIII
257 171 260 180 ’
572 156 789 214 PRAEFATIO.

136 309 194 392 sis,
222 307 279 393 qui
306 328 345 371 ex
372 305 525 370 thesauro
555 323 613 368 suo
641 302 806 367 uberrimo
835 301 918 366 mihi
945 301 1156 368 demandauit

136 397 293 462 editiones
318 393 446 477 Sabini,
467 391 609 478 Erasmi,
632 390 762 478 Geloni,
785 391 915 478 utrique
939 392 1062 477 gratias
1087 411 1154 476 ago

135 509 235 572 quam
257 486 427 551 maximas.

226 575 429 659 Quamquam
459 572 563 658 igitur
595 571 678 636 mihi
713 574 845 656 praesto
884 575 960 637 sunt
996 569 1155 658 subsidia,

135 664 253 750 quibus
276 663 434 730 maiorem
457 662 634 727 editionem
648 666 807 747 apparatu
829 662 926 747 pleno
947 661 1155 746 instruerem,

133 759 246 820 tamen
273 755 434 820 minorem
457 752 492 816 in
513 773 667 836 praesens
692 773 765 817 cum
786 752 875 817 notis
903 750 1033 817 selectis
1058 751 1155 816 edere

135 843 246 908 malui.
292 843 386 921 Quod
418 842 520 927 siquis
552 841 802 927 uituperauerit,
832 841 982 926 equidem
1011 863 1078 906 non
1104 864 1154 906 re-

134 933 303 1018 pugnabo,
331 953 404 996 cum
431 933 467 996 in
494 931 601 996 animo
629 931 782 1016 habeam,
808 953 929 1016 paucos
951 933 1027 1016 post
1050 952 1154 996 annos

135 1042 289 1108 magnam
311 1021 482 1088 absoluere
506 1020 691 1086 editionem.

224 1145 264 1212 In
285 1147 347 1212 hac
370 1147 512 1212 editione
535 1144 734 1211 conficienda
751 1166 938 1229 numquam,
959 1145 1024 1210 nisi
1046 1145 1153 1210 causis
1252 1218 1253 1222 Ἰ

135 1240 302 1322 permotus
348 1235 572 1322 grauissimis,
623 1235 852 1300 auctoritatem
897 1233 1029 1319 neglexi
1073 1234 1154 1298 libri
1253 1308 1254 1312 Ἰ

137 1323 299 1410 Vaticani,
323 1347 419 1410 quem
441 1325 650 1410 potissimum
664 1325 778 1389 ducem
802 1327 930 1389 secutus
946 1345 1027 1408 sum,
1051 1323 1153 1388 etiam
1254 1398 1255 1402 Ἰ

135 1415 171 1480 in
197 1416 294 1481 rebus
323 1414 601 1499 orthographicis,
627 1413 662 1477 id
689 1416 819 1478 tantum
846 1413 927 1477 rnihi
957 1435 1154 1498 proponens,

134 1509 171 1570 ut
208 1505 414 1570 abstinerem·
442 1503 558 1569 formis
597 1503 694 1586 plane
727 1503 890 1587 barbaris,
923 1524 1002 1587 quas
1036 1502 1154 1568 admit
1256 1579 1257 1582 Ἴ

135 1597 204 1659 tere
236 1616 303 1659 non
328 1595 453 1660 ueritus
487 1597 537 1658 est
568 1592 620 1657 Fr.
651 1592 885 1676 Eyssenhardt,
916 1613 1022 1676 neque
1053 1591 1154 1657 nimis

134 1683 317 1748 recederem
355 1706 375 1747 a
412 1682 573 1747 scribendi
617 1701 735 1765 genere
772 1682 808 1746 in
843 1681 905 1746 hac
949 1681 1155 1747 bibliotheca

134 1775 275 1856 recepte.

224 1895 395 1959 Postremo
423 1894 745 1960 animaduertendum
774 1899 837 1981 est,
864 1918 916 1960 me
947 1896 982 1960 in
1005 1894 1155 1960 lectioni-

135 1985 196 2050 bus
225 1984 392 2048 enotandis
423 1984 602 2049 edItionum
624 1984 880 2070 orthographiae
904 1985 1059 2050 minutias
1084 2006 1157 2048 uer·

135 2075 316 2157 horumque
340 2073 584 2139 distinctionem
605 2096 672 2139 non
696 2075 859 2140 curauisse
881 2075 975 2140 uelut
1004 2075 1054 2156 18,
1079 2074 1108 2158 7,
1132 2073 1155 2140 3
1187 2127 1190 2132 .

136 2163 266 2248 scripsi:
295 2162 436 2247 conpelli
470 2162 602 2246 VPeqa,
625 2186 699 2229 cum
722 2165 779 2248 bpo
800 2164 959 2230 habeant:
985 2161 1155 2248 compelli3

135 2252 187 2338 20,
216 2253 246 2337 2,
274 2252 295 2317 5
323 2251 502 2317 inmodicos
531 2253 601 2318 altu
634 2252 735 2337 VAP,
763 2255 833 2319 sed:
861 2253 1035 2318 immodico
1065 2252 1157 2318 saltu

133 2341 175 2407 A.
189 2363 224 2406 e.
240 2365 270 2426 q.
289 2365 313 2406 s.
337 2365 362 2408 s.
385 2378 429 2388 —
452 2341 492 2406 In
515 2345 669 2408 contextu
693 2342 765 2426 ipso
789 2344 914 2428 graecis
937 2342 1060 2407 litteris
1079 2363 1156 2407 con·

134 2431 306 2496 scribenda
329 2432 440 2497 curaui
459 2433 577 2517 omnia,
601 2433 719 2517 quibus
743 2432 866 2498 addidit
880 2431 1074 2498 Ammianus
1096 2434 1156 2516 „ut

41 2521 43 2526 ’
135 2519 252 2584 Graeci
275 2520 499 2604 appellamus“
519 2520 572 2586 uel
601 2521 708 2586 simile
747 2522 836 2606 quid,
873 2522 908 2586 in
943 2521 1034 2587 hisce
1065 2521 1155 2588 enim

135 2608 232 2674 rebus
257 2609 376 2674 codicis
400 2610 517 2693 optimi
541 2611 718 2675 auctoritas
742 2610 835 2675 nulla
857 2610 924 2675 fere
949 2616 1008 2696 est,
1032 2611 1154 2697 quippe

134 2698 191 2783 qui
220 2719 341 2783 graeca
371 2697 484 2764 latinis
518 2703 551 2764 et
578 2699 683 2765 latina
705 2699 830 2784 graecis
851 2700 972 2766 litteris
995 2702 1154 2786 praebeat

132 2791 277 2853 exarata.

223 2894 384 2962 Praemisi
416 2895 602 2980 fragmenta
633 2897 794 2963 librorum
832 2896 1086 2984 deperditorum,
1118 2899 1156 2964 in

116 2984 253 3068 ¹quibus
291 2985 450 3070 eligendis
488 3007 543 3050 eos
580 2990 710 3052 tantum
746 2988 835 3055 locos
872 2989 996 3074 recepi,
1034 2989 1154 3075 quibus

133 3071 327 3140 Ammianus
351 3075 481 3141 disertis
505 3075 615 3142 uerbis
640 3077 756 3144 seiam
780 3082 876 3144 antea
894 3080 975 3144 haee
998 3079 1152 3163 tetigisse

133 3161 221 3227 dicit.
267 3163 393 3240 Quibus
426 3164 585 3230 addiderit
611 3165 697 3234 forte
726 3169 844 3253 aliquis
877 3169 985 3234 locum
1015 3169 1071 3252 16,
1102 3169 1154 3252 10,

135 3251 186 3334 12,
218 3252 274 3337 qui
301 3253 410 3320 nescio
449 3276 512 3340 quo
551 3278 628 3321 casu
660 3257 788 3322 excidit.
838 3256 878 3321 In
904 3258 968 3322 fine
998 3257 1155 3323 subiunxi

20 3353 24 3444 3
133 3340 238 3406 fastos
277 3344 446 3409 consulum
484 3347 517 3408 et
552 3346 792 3430 praefectorum
828 3347 902 3412 urbi
938 3343 982 3432 (a.
1012 3369 1044 3431 p.
1077 3345 1155 3412 Chr.

134 3429 304 3520 351-78)
337 3456 400 3518 quo
433 3433 468 3499 in
499 3437 685 3518 temporum
719 3435 903 3500 rationibus
940 3436 1154 3501 iimdamento

134 3519 240 3585 utitur
263 3520 466 3590 Ammianus.
513 3521 674 3590 Secuntur
697 3528 849 3609 excerpta
872 3547 1034 3611 anonyma
1055 3525 1155 3591 Vale-

136 3608 237 3696 siana,
262 3634 399 3697 quorum
421 3611 542 3680 nostris
572 3611 684 3680 diebus
707 3613 839 3680 unicum
872 3613 1015 3680 codicem
1046 3615 1153 3680 denuo

869 3890 871 3892 .
916 3840 1261 3891 ..m—iifl
