2430 3928
243 190 500 248 consenueris
518 189 564 245 ET
581 187 755 248 wtitnvs
773 195 823 246 367
977 192 1037 258 107

54 337 156 420 gladiis
171 335 379 418 findebantur,
402 339 436 400 et
459 333 623 400 uulnerati
645 333 790 398 nondum
804 331 904 398 effuso
924 354 1037 398 cruore

53 426 85 490 ad
96 425 257 492 audendum
270 421 412 490 exertius
426 423 673 509 consurgebant
696 422 749 488 47.
758 443 854 507 pares
865 421 952 486 enim
962 443 1038 505 quo·

53 515 111 578 dan
129 513 215 580 modo
237 515 365 580 coiuere
387 533 461 580 cum
483 513 632 598 peribis,
655 510 833 578 Alamanni
854 509 983 576 robusti
1005 513 1040 575 et

53 603 191 690 celsiores,
216 603 339 670 milites
366 624 427 670 usu
454 602 557 668 nimio
586 601 721 667 dociles:
748 601 800 666 illi
826 600 945 665 feriet
972 604 1039 664 tur·

33 693 116 776 ebidi,
134 685 166 758 bi
187 693 288 779 quieti
310 696 344 760 et
366 692 467 760 caud:
495 691 613 758 animis
637 691 696 756 isti
717 689 868 773 fidentes,
891 688 1040 774 grandis-

50 803 122 846 srnrs
134 783 378 868 discorporibus
392 781 479 848 freti.
501 781 554 849 48.
577 780 770 866 resurgebat
787 782 899 845 tamen
913 779 1037 864 aliquo-

50 872 116 936 tiens
136 894 295 938 armorum
316 870 458 957 pondere
480 871 593 956 pulsus
616 869 688 936 loco
702 868 869 935 Romanus
893 867 1038 932 lessatis·

52 982 98 1043 que
126 961 286 1046 inpressius
321 960 461 1048 genibus
498 961 627 1026 laeuum
663 958 833 1024 reflectens
879 955 1039 1041 poplitem

50 1050 180 1116 barbarus
202 1051 393 1118 subsidebat
414 1050 545 1117 hostem
566 1049 655 1115 ultro
678 1048 855 1132 lacessens,
884 1043 970 1132 quod
993 1046 1039 1110 in-

24 1160 42 1196 u
52 1139 615 1208 diciumestobstinationisertremae.
624 1137 798 1204 secunus
807 1136 919 1221 itaque
930 1133 1038 1200 subito

50 1231 141 1298 ardens
162 1229 372 1317 optimatium
391 1230 525 1316 globus,
548 1230 635 1294 inter
660 1249 741 1312 quos
765 1225 983 1291 decernebant
1006 1227 1039 1287 et

49 1341 129 1406 reges,
150 1325 182 1388 et
204 1323 360 1408 sequente
381 1319 482 1405 uulgo
506 1322 581 1386 ante
605 1317 688 1383 alios
703 1314 836 1401 agmina
853 1316 1039 1378 nostrorum

48 1410 149 1495 inrupit
174 1415 208 1478 et
236 1411 300 1476 iter
324 1409 388 1476 sibi
416 1407 590 1495 aperiendo
618 1406 660 1472 ad
686 1426 789 1490 usque
813 1402 1040 1468 Primanorum

48 1499 186 1584 legionem
213 1499 365 1586 peruenit
393 1499 535 1564 locatam
561 1498 597 1564 in
623 1495 730 1560 medio
754 1529 797 1541 -
821 1513 903 1578 quae
927 1489 1040 1556 confir-

19 1612 36 1651 15
47 1590 128 1656 natio
157 1593 265 1657 casin
294 1589 461 1674 praetoria
488 1587 658 1654 dictitatur
686 1619 729 1632 -
755 1581 813 1648 ubi
844 1580 975 1646 densior
1007 1583 1041 1644 et

47 1679 188 1746 ordinibus
211 1680 365 1765 frequens
388 1679 484 1744 miles
506 1677 613 1742 instar
633 1673 774 1740 turrium
796 1671 862 1736 fixa
884 1668 1040 1734 firmitate

45 1769 203 1836 consistens
227 1768 389 1854 proelium
411 1765 536 1832 maiore
560 1764 678 1849 spiritu
699 1759 856 1846 repetiuit
878 1761 912 1824 et
929 1757 1039 1823 uulne-

46 1858 116 1923 ribus
131 1857 333 1926 declinandis
356 1859 501 1923 intentus
514 1875 614 1939 seque
636 1853 673 1918 in
685 1851 816 1919 modum
830 1846 1038 1913 mirmillonis

47 1948 171 2030 operiens
193 1947 342 2034 bostium
363 1947 477 2029 latera,
498 1965 581 2030 quae
599 1941 745 2007 nudabat
768 1939 818 2004 ira
839 1936 1041 2022 flagrantior,

18 2059 36 2098 s
47 2037 180 2104 (listriatis
194 2036 317 2124 gladiis
335 2035 532 2121 perforabat.
555 2031 607 2098 50.
631 2029 735 2096 atilli
754 2028 924 2113 prodigere
938 2025 1041 2089 uitam

46 2146 91 2207 pro
113 2127 253 2194 uictoria
279 2125 510 2192 contendentes
537 2119 744 2206 temptabant
772 2116 912 2202 agminis
935 2112 1040 2178 nostri

45 2216 135 2283 laxare
153 2236 347 2302 conpagem.
393 2214 449 2280 sed
472 2211 661 2278 continuata
684 2207 766 2274 serie
790 2207 1041 2291 peremptorum,

45 2327 109 2387 quos
128 2305 298 2374 Romanus
320 2305 386 2370 iarn
408 2302 560 2368 fidentior
583 2298 711 2382 strauit,
735 2294 949 2361 succedebant
971 2291 1042 2355 bar-

43 2394 100 2459 bari
133 2395 328 2482 superstites
364 2391 544 2458 interfectis
577 2388 751 2472 auditoque
784 2379 1044 2450 occumbentium

17 2509 35 2546 τ]
46 2485 149 2564 gemitu
163 2485 430 2570 ereum-pauore
452 2479 577 2566 perfusi
588 2477 773 2562 torpebant.
797 2473 849 2539 51.
863 2469 942 2536 fessi
957 2467 1044 2533 deni-

45 2595 91 2655 que
110 2578 160 2641 tot
183 2573 349 2642 aerumnis
373 2571 470 2636 etad
493 2569 596 2635 solam
619 2567 769 2649 deinceps
785 2561 908 2629 strenui
930 2559 1044 2643 fugam

45 2683 89 2743 per
100 2665 247 2732 diuersos
270 2660 419 2728 tramites
442 2663 515 2725 tota
528 2657 695 2723 eeleritate
709 2653 821 2738 egredi
844 2648 1044 2716 festinabant

44 2757 71 2814 ut
89 2755 235 2820 emediis
258 2750 433 2818 saeuientis
455 2748 567 2833 pelagi
589 2744 740 2811 fluetibus
755 2759 956 2827 quocumque
972 2758 1044 2802 aue-

44 2844 114 2908 rerit
135 2847 255 2910 uentus
279 2841 341 2907 eici
368 2838 492 2905 nautici
514 2837 691 2921 properant
714 2835 748 2896 et
770 2834 931 2896 uectores:
959 2825 1046 2909 quod

17 2933 101 2996 aucti
125 2933 235 3018 magis
262 2951 360 3016 quam
388 2926 458 3014 spei
484 2927 585 2992 fuisse
612 2921 770 2989 fatebitur
798 2918 937 3004 quilibet
967 2917 1046 2977 tunc

43 3042 192 3100 praesens..
205 3021 261 3088 52.
272 3020 449 3104 aderatque
463 3013 634 3101 propitiati
647 3010 790 3076 numinis
802 3006 975 3074 arbitrium
985 3001 1047 3066 cle-

45 3130 122 3176 nens
145 3115 178 3176 et
201 3131 322 3176 secans
338 3112 434 3192 terga
457 3104 639 3170 cedentium
667 3100 761 3165 miles
784 3119 858 3164 eum
884 3091 1048 3160 interdum

102 3267 172 3322 ned
193 3265 369 3324 audiendum
386 3263 429 3319 Pb
447 3261 537 3318 adad
555 3258 729 3314 audiendum
749 3255 773 3310 V
833 3251 956 3309 exertius
970 3247 1051 3302 Vole-

44 3333 95 3387 sius
115 3334 256 3390 exercitus
281 3333 333 3388 VP
354 3347 406 3390 orn.
428 3332 444 3386 b
462 3347 480 3384 α
549 3336 565 3383 3
587 3327 699 3382 ooiuere
724 3323 750 3380 G
771 3323 864 3378 coiere
887 3321 914 3374 A
936 3329 1048 3371 sumre

48 3400 107 3456 VPb
155 3403 245 3458 dieti
267 3403 297 3456 et
322 3399 423 3455 V'GA
441 3347 523 3452 deret
548 3396 621 3450 V¹P
642 3392 782 3448 fierentb
833 3389 1004 3468 stimpressu
1023 3381 1050 3435 G

49 3475 74 3520 13
90 3471 239 3540 aperiendo
257 3471 309 3540 bpo
325 3467 462 3539 pariendo
479 3465 505 3518 V
535 3470 568 3519 27
586 3462 667 3534 gredi
682 3460 734 3515 VP
745 3458 902 3540 aggredrA
930 3450 1050 3506 29d0101

170 3539 321 3610 reparante
342 3537 463 3590 uictores
489 3533 542 3590 VP
609 3528 686 3600 quod
711 3527 773 3582 noti
798 3541 888 3595 magus
914 3535 1001 3590 quam
1023 3517 1051 3572 G

46 3534 95 3670 ‘llll
119 3607 173 3660 to'
199 3608 290 3676 magis
316 3620 403 3675 qnam
430 3603 480 3659 VP
497 3600 574 3672 quod
599 3600 661 3669 [lac.
685 3595 785 3666 etin]
803 3591 894 3664 magis
911 3603 997 3660 quam
1023 3585 1051 3639 A

47 3678 74 3724 31
91 3675 240 3732 inclemens
260 3674 287 3730 G
1024 3683 1026 3692 ι
