2530 3922
289 195 542 253 CONSTANTlVS
560 198 607 252 ΕΤ
627 199 768 254 GALLVS
787 207 837 255 353
1028 204 1069 267 29

146 341 173 404 7.
187 339 233 416 Et
256 341 361 424 prima
377 329 453 426 post
468 340 669 409 Osdroenam
692 366 798 428 quarn,
821 347 858 408 ut
872 344 995 409 dictum
1010 350 1069 429 est,

64 431 99 493 ab
127 429 187 493 hac
217 429 433 515 descriptione
463 432 688 517 discreuimuS,
719 431 953 518 Commagena,
985 457 1069 498 nunc

64 517 306 603 Euphratensis,
337 519 512 606 clementer
543 521 703 606 adsurgit,
739 520 922 607 Hierapoli,
960 528 1069 588 uetere

64 605 139 672 Nino
163 611 196 679 et
220 605 394 686 Samosata
418 611 606 684 ciuitatibus
631 611 748 694 amplis
772 610 930 678 inlustris.

46 711 55 750 5
143 699 171 764 8.
193 697 282 764 Dein
296 695 391 786 Syria
405 722 463 784 per
478 701 659 784 speciosam
678 699 856 784 interpatet
870 701 986 766 diffusa
1001 702 1069 784 pla·

66 785 175 851 nitiem.
221 786 308 852 hanc
330 787 485 854 nobilitat
507 787 697 873 Antiochia,
725 789 844 854 mundo
873 791 1004 874 cognita
1028 790 1070 854 ci·

66 876 151 959 uitae,
181 877 234 942 oui
257 899 324 942 non
352 878 526 942 certauerit
549 878 616 943 alia
646 878 834 942 aduecticiis
858 879 905 943 ita
929 879 1068 944 adfluere

67 964 154 1048 copiis
187 969 221 1030 et
260 961 410 1050 internis,
447 970 480 1032 et
511 967 665 1032 Laodicia
702 971 735 1032 et
757 967 908 1051 ‘Apamia
945 968 1069 1032 itidem-

67 1077 116 1137 que
143 1053 292 1125 Seleucia
324 1057 391 1122 iam
422 1056 496 1123 inde
530 1079 549 1121 a
580 1056 695 1140 primis
724 1057 877 1140 auspiciis
911 1057 1069 1122 florentis·

41 1159 163 1210 usurae.

141 1233 170 1298 9.
193 1233 278 1298 Post
291 1233 376 1300 hanc
391 1235 527 1302 adclinis
538 1233 663 1299 Libano
677 1235 781 1298 monti
792 1233 963 1318 Phoenice,
977 1236 1068 1317 regio

67 1323 148 1405 plena
170 1323 357 1410 gratiarum
380 1329 414 1388 et
441 1324 637 1408 uenustatis‚
667 1323 801 1392 urbibus
828 1324 982 1388 decorata
1004 1346 1071 1388 ma·

67 1413 127 1494 gnis
149 1417 182 1476 et
204 1405 368 1496 pulchris3
396 1414 430 1477 in
454 1413 571 1498 quibus
595 1412 793 1480 amoenitate
818 1413 1070 1496 celebritateque

66 1501 219 1569 nominum
244 1499 352 1594 Tyros
381 1499 524 1584 excellit,
553 1500 653 1566 Sidon
676 1506 710 1566 et
737 1501 877 1586 Berytus
906 1501 1071 1584 isdemque

41 1602 57 1639 1³
67 1587 152 1672 pares
175 1590 313 1666 Emissa
344 1596 372 1660 et
398 1591 579 1656 Damascus
612 1591 749 1656 saeculis
783 1589 914 1658 condita
946 1589 1071 1674 priscis.

69 1681 108 1744 10.
124 1679 182 1746 has
206 1684 320 1746 autern
335 1681 529 1765 prouincias,
553 1702 633 1766 quas
649 1679 788 1744 Orontes
804 1680 950 1746 ambiens
966 1679 1070 1742 amnis

67 1768 196 1854 imusque
220 1769 321 1855 pedes
337 1767 443 1840 Cassii
466 1769 588 1836 montis
611 1769 702 1834 illius
727 1769 805 1834 celsi
828 1771 1070 1852 praetermeans

67 1856 195 1924 truditur
217 1861 256 1926 irc
280 1858 493 1928 Parthenium
515 1881 615 1941 mare,
638 1857 767 1923 Gnaeus
782 1858 956 1941 Pompeius
981 1877 1072 1940 supe-

68 1952 126 2012 rato
154 1945 302 2036 Tigrane
338 1949 448 2051 regnis
478 1947 708 2016 Armeniorum
736 1948 919 2014 abstractas
953 1945 1072 2012 dicioni

43 2034 219 2103 cromanae
245 2037 422 2116 coniunxrt.
465 2041 469 2044 ’

146 2127 193 2191 11.
217 2125 349 2214 Ultima
364 2125 532 2212 Syriarum
547 2129 597 2195 est
611 2126 802 2191 Palaestina
815 2148 873 2210 per
896 2123 1072 2188 interualla

72 2235 173 2300 fflcgm
196 2217 367 2304 protenta,
394 2215 491 2281 cultis
521 2214 690 2283 abundans
713 2215 810 2282 terris
839 2219 872 2279 et
898 2212 1012 2278 nitidis
1040 2216 1073 2276 et

71 2301 204 2375 ciuitates
217 2305 348 2384 habens
363 2305 520 2391 quasdam
543 2305 703 2388 egregias,
725 2303 850 2369 nullam
864 2301 947 2366 nulli
963 2300 1073 2365 ceden-

71 2398 125 2457 tem
144 2395 200 2462 sed
223 2394 291 2468 sibi
312 2394 459 2462 uicissim
488 2393 580 2459 uelut
608 2393 648 2458 ad
675 2391 940 2479 perpendiculum
967 2411 1074 2454 aemu-

46 2479 121 2546 elas:
143 2481 349 2568 Caesaream,
372 2507 470 2570 quam
485 2483 525 2549 ad
547 2483 707 2558 honorem
722 2479 894 2558 Octauiani
916 2477 1073 2562 principis

72 2571 284 2640 exaedificauit
306 2572 463 2658 HerodeS,
486 2576 519 2637 et
541 2570 822 2655 Eleutheropolim
846 2573 878 2633 et
898 2566 1074 2652 Neapolim

73 2658 233 2753 itidemque
258 2661 459 2731 ¹Ascalonem
486 2661 609 2728 Gazam
641 2682 721 2725 aeuo
756 2659 921 2744 superiore
951 2660 1073 2721 exstru-

73 2753 137 2816 ctas.
165 2753 216 2818 12.
241 2753 277 2818 in
297 2751 351 2816 his
374 2752 534 2822 tractibus
557 2751 752 2840 nauigerum
774 2769 934 2832 nusquam
956 2745 1074 2810 uisitur

73 2837 178 2906 flumen
200 2842 260 2915 sed
283 2841 318 2918 in
341 2842 421 2924 locis
445 2839 594 2927 plurimis
614 2841 722 2924 'aquae
747 2841 861 2941 suapte
883 2839 1002 2900 natura
1025 2855 1074 2896 ca-

46 2926 164 2994 solentes
194 2935 369 3016 emergunt
392 2931 433 2997 ad
457 2953 534 2996 usus
563 2925 913 3012 aptae'multiplrcium
936 2921 1075 3022 medela·

73 3037 142 3083 rum.
166 3042 281 3090 uerum
304 3021 363 3088 has
379 3041 507 3108 quoque
530 3018 680 3106 regiones
703 3015 776 3102 pari
799 3017 887 3080 sorte
901 3011 1074 3094 Pomperus

132 3340 147 3389 2
169 3335 358 3406 descriptione
384 3335 409 3391 G
432 3335 600 3402 discretione
627 3331 715 3387 VPta
766 3398 772 3409 ι
794 3337 810 3384 3
832 3329 929 3401 uetere
951 3326 1026 3380 Nino
1051 3323 1077 3400 G

79 3401 249 3458 ueterennino
272 3403 323 3459 VP
373 3401 524 3460 cillustrie
543 3401 598 3457 ΘΑ
616 3403 646 3456 et
663 3401 788 3454 inlustris
809 3396 877 3452 VPb
914 3401 931 3450 9
949 3392 1077 3448 Seleucra

78 3468 125 3522 itm
145 3469 269 3530 Valesius
286 3472 437 3530 seleuciam
454 3472 533 3538 codd.
575 3476 607 3526 15
623 3471 655 3524 et
672 3468 738 3528 add.
756 3467 784 3522 A
801 3481 852 3522 om.
870 3462 949 3518 codd.
992 3467 1076 3512 *con-

79 3533 129 3591 ditu
147 3529 233 3596 Vera
250 3535 423 3602 conditae'G
458 3537 490 3598 1'8
507 3539 537 3594 in
557 3537 583 3594 G
601 3554 652 3614 cru.
669 3535 748 3614 codd.
771 3535 891 3608 '‘gneus
911 3525 938 3582 V
969 3531 1001 3582 22
1020 3523 1076 3578 cul-

81 3653 110 3706 tis
127 3657 176 3710 cr
193 3659 264 3714 enus
286 3658 337 3714 rr
371 3665 405 3714 rc
423 3659 472 3714 seu
489 3660 593 3728 serpsi·
607 3657 638 3712 ec
654 3655 733 3711 coca
770 3652 823 3703 *rc
841 3609 1027 3713 marinarum
1054 3640 1081 3692 r
