2530 3922
278 203 533 260 cousrnurrvs
550 203 597 258 nr
617 203 758 259 escars
776 210 827 262 aar
1015 176 1056 272 3’1

76 349 237 413 occurrebat
268 345 405 414 Caesare
437 348 619 414 discedente
647 346 834 412 Vrsicinum
866 347 902 412 in
932 348 1058 413 criente

74 437 227 519 perniciose
249 438 506 522 relinquendum,
527 438 556 502 si
578 438 688 504 nullus
712 440 807 520 esset,
830 436 887 522 qui
909 435 1058 520 prohibe-

74 531 114 590 ret
137 527 244 592 altiora
266 527 507 592 meditaturum.
543 527 574 592 3.
588 527 754 612 isdemque
769 525 891 591 residui
909 525 993 612 regii
1008 549 1058 591 ac·

73 637 175 680 cessere
196 617 363 700 spadones,
386 639 522 702 quorum
545 639 583 682 ea
606 620 800 700 tempestate
823 615 898 701 plus
916 614 1058 681 habendi

54 705 207 786 scupiditas
234 705 322 770 ultra
353 706 525 771 mortalem
557 706 688 772 modum
721 705 940 790 adolescebat,
972 705 1058 768 inter

73 794 229 858 ministeria
256 795 345 860 uitae
373 795 558 860 secretioris
586 817 644 879 per
672 817 807 860 arcanos
831 816 979 860 susurros
1002 817 1058 858 nu-

72 882 201 947 trimenta
223 883 308 949 fictis
327 884 516 950 criminibus
540 885 759 950 subserentes:
784 883 840 970 qui
862 883 1057 968 ponderibus

72 971 188 1036 iniridiae
223 974 386 1057 grauioris
423 974 531 1039 uirum
568 973 785 1039 fortissimum
821 972 1059 1057 opprimebant,

73 1059 249 1128 subolescere
287 1063 423 1146 imperio
456 1063 585 1128 adultos
618 1063 687 1128 eius
719 1062 805 1128 filios
838 1062 1059 1144 mussitantes,

44 1170 61 1204 u
71 1147 162 1214 decore
175 1172 347 1236 cor-porum
359 1152 559 1218 fauorabiles
578 1157 611 1217 et
634 1155 751 1236 aetate,
773 1174 831 1236 per
844 1151 1059 1235 multiplicem

72 1241 228 1305 armaturae
258 1241 429 1306 scientiam
458 1242 704 1327 agilitatemque
732 1240 951 1305 membrorum
974 1240 1059 1304 inter

71 1327 207 1394 cotidiana
229 1331 381 1414 proludia
405 1331 564 1396 exercitus
579 1331 728 1396 consulto
744 1329 879 1395 consilio
896 1329 1059 1414 cognitos:

70 1413 178 1482 Gallum
192 1423 306 1503 suopte
330 1420 460 1504 ingenio
483 1424 608 1485 trucem
621 1443 679 1505 per
702 1419 888 1504 suppositos
904 1418 1060 1502 quosdam

70 1503 99 1565 ad
118 1527 207 1572 saeua
229 1507 378 1573 facinora
401 1508 472 1574 ideo
497 1509 675 1574 animatum
697 1513 734 1574 ut
749 1529 786 1572 ec
801 1508 901 1591 digna
915 1505 1061 1571 omnium

44 1609 59 1647 u
69 1593 194 1660 ordinum
216 1597 433 1662 detestatione
458 1620 555 1663 exoso
580 1599 621 1663 ad
643 1598 795 1682 magistri
814 1597 959 1681 equitum
982 1594 1061 1659 libe-

69 1702 108 1743 ros
126 1683 325 1769 principatus
347 1686 492 1771 insignia
514 1687 762 1752 transferantur.

137 1773 165 1836 4.
183 1771 265 1839 Onm
284 1775 366 1840 haec
384 1776 529 1861 taliaque
549 1776 709 1840 sollicitas
729 1776 797 1839 eius
817 1797 911 1840 aures
931 1773 1060 1840 euerbe-

68 1864 158 1924 rarent
183 1863 350 1947 expositas
375 1887 502 1948 semper
526 1866 594 1930 eius
622 1865 710 1930 modi
737 1864 922 1930 rumoribus
946 1867 979 1928 et
1006 1887 1061 1948 pa·

68 1953 162 2034 tentes,
183 1953 278 2018 uaria
301 1953 409 2020 animo
432 1957 503 2018 tum
526 1953 681 2018 miscente
706 1953 851 2038 consilia,
873 1954 1005 2018 tandem
1027 1953 1061 2017 id

43 2041 95 2097 eut
113 2039 265 2122 optimum
288 2042 378 2107 factu
400 2043 515 2127 elegit:
539 2047 571 2107 et
589 2041 775 2108 Vrsicinum
797 2043 938 2128 primum
962 2042 1002 2108 ad
1027 2063 1060 2106 se

68 2127 156 2192 rreuire
178 2153 306 2194 summo
331 2153 404 2196 cum
426 2131 550 2198 honore
572 2132 742 2197 mandauit
765 2155 803 2196 ea
817 2132 923 2216 specie
942 2134 979 2196 ut
1001 2152 1059 2215 pro

68 2235 153 2280 rerum
183 2221 262 2284 tunc
296 2221 483 2304 urgentium
515 2224 612 2304 captu
648 2221 874 2304 disponeretur
911 2219 1062 2284 concordi

68 2305 190 2390 consilio,
214 2307 334 2392 quibus
362 2309 482 2376 uirium
505 2310 712 2374 incrementis
735 2309 963 2374 Parthicarum
987 2328 1062 2392 gen-

67 2391 132 2456 tium
147 2417 238 2462 arma
256 2397 454 2463 minantium
472 2399 612 2482 impetus
635 2399 873 2484 frangerentur.
909 2395 939 2461 5.
958 2400 991 2460 et
1008 2418 1061 2460 ne-

42 2495 58 2535 a
69 2481 126 2560 quid
146 2486 365 2569 suspicaretur
389 2487 519 2552 aduersi
541 2490 706 2571 uenturus,
728 2486 869 2551 uicarius
884 2485 963 2569 eius,
986 2486 1061 2550 dum

69 2570 143 2654 redit,
172 2573 316 2658 Prosper
344 2576 463 2640 missus
492 2580 542 2640 est
570 2597 690 2640 comes:
714 2575 917 2659 acceptisque
940 2575 1061 2640 litteris

68 2659 91 2718 et
109 2662 194 2744 copia
216 2664 267 2728 rei
293 2663 513 2729 uehiculariae
542 2664 619 2730 data
641 2663 862 2730 Mediolanum
888 2665 1061 2729 itineribus

68 2753 290 2829 proposuimus
315 2754 453 2837 magnis.

137 2839 165 2903 6.
176 2835 340 2906 Restabat
353 2845 390 2906 ut
405 2839 526 2907 Caesar
539 2846 616 2926 post
633 2841 713 2906 haec
726 2846 917 2926 properaret
938 2843 1060 2906 accitus

38 2927 91 2984 llll
110 2927 338 3014 abstergendae
361 2953 459 2998 causa
482 2930 676 3014 suspicionis
701 2952 844 2996 sororem
867 2952 970 3012 suam,
992 2929 1061 2994 eius

67 3032 186 3101 ruerem,
210 3017 421 3086 Constantius
446 3020 487 3084 ad
510 3041 544 3084 se
567 3020 700 3085 taudem
718 3019 935 3084 desideratam
949 3017 1060 3082 uenire

67 3103 159 3169 multis
180 3107 330 3193 fictisque
354 3109 525 3174 blanditiis
549 3108 752 3173 hortabatur.
789 3130 871 3192 quae
895 3108 973 3172 licet
996 3130 1061 3173 arn·

67 3186 174 3272 bigeret
195 3200 342 3262 metuens
367 3219 463 3280 saepe
488 3200 664 3280 cruentum,
688 3218 745 3280 spe
758 3200 869 3261 tamen
883 3197 969 3282 quod
988 3219 1062 3262 eum

67 3273 150 3346 lenire
172 3286 294 3368 poterit
316 3290 354 3350 ut
376 3307 569 3371 germanum
590 3285 750 3369 profecta,
774 3306 846 3350 cum
869 3285 1061 3370 Bithyniam

119 3459 133 3507 2
148 3457 312 3525 prohiberet
327 3460 355 3513 A
371 3460 522 3530 prohibeat
541 3457 567 3514 G
588 3458 723 3581 prohibet
742 3458 810 3514 VPb
880 3465 911 3514 19
929 3459 991 3510 tum
1009 3456 1060 3510 mi-

66 3521 144 3574 scente
160 3525 187 3578 P
207 3525 375 3582 tumiscente
397 3527 424 3582 V
441 3529 587 3583 tumescen
603 3544 617 3582 e
636 3527 651 3581 b
669 3545 687 3582 a
754 3527 784 3579 id
806 3527 839 3580 ut
864 3525 991 3580 Valesius
1009 3522 1060 3576 dot

69 3581 110 3636 VP
129 3587 175 3644 dat
195 3593 229 3648 ba
251 3593 353 3664 dctop
420 3601 454 3650 25
476 3595 536 3652 eius
559 3590 655 3650 aar)
755 3599 788 3647 28
816 3609 868 3663 pro
890 3591 982 3646 erauit
1009 3591 1061 3643 ba

64 3655 91 3703 34
105 3657 204 3721 Poterit
220 3659 400 3719 Kellerbauer
416 3665 532 3734 poterat
548 3663 625 3720 codd.
660 3661 809 3730 bythinam
830 3611 1001 3712 Vbitiniem
1043 3657 1060 3708 b
