2430 3928
141 232 182 297 70
538 229 590 286 XV
610 237 649 297 10,
668 235 750 284 3-11

140 374 313 440 Octauiani
335 379 483 458 receptus
501 373 668 457 principis,
691 371 832 436 molibus
856 373 985 455 magnis
999 375 1159 437 exstruxit

140 465 180 528 ad
203 465 308 529 uicem
331 463 554 528 memorabilis
578 463 730 546 1111111111,
754 461 997 545 conpendiarias
1012 467 1047 526 et
1070 463 1160 526 uian-

138 553 227 618 tibus
260 557 446 638 oportunas‚
479 552 601 617 medias
634 552 720 616 inter
753 551 835 615 alias
868 550 969 634 Alpes
1001 555 1159 634 uetustas,

139 665 235 726 super
250 643 366 728 quibus
382 646 538 726 conperta
551 642 649 725 paulo
664 644 780 725 postea
794 640 986 706 referemus·
1011 641 1042 704 3.
1056 641 1094 704 in
1107 640 1158 705 his

137 731 277 815 Alpibus
293 730 422 816 cottiis,
437 754 573 816 quarum
586 731 717 795 initium
731 753 751 794 1
765 728 944 814 Segusione
959 734 1009 794 est
1027 730 1158 814 oppido,
1171 747 1180 785 51

136 821 338 905 praecelsum
362 821 499 905 erigitur
528 821 649 905 iugum,
675 820 759 884 nulli
787 818 854 884 fere
878 819 947 883 sine
971 819 1158 884 discrimine
1212 861 1213 890 2

136 910 348 993 penetrabile.
394 911 424 975 4.
449 915 500 974 111
524 911 610 975 enim
634 932 651 974 e
675 908 792 973 Galliis
820 907 1024 973 uenientibus
1052 931 1159 992 prona

137 999 323 1064 humilitate
351 999 517 1083 deuexum,
549 999 758 1083 pendentium
786 1020 937 1063 saxorum
964 997 1158 1063 altrinsecus

137 1089 211 1153 uisu
233 1089 380 1153 terribile
404 1091 598 1172 praesertim
612 1110 712 1153 uerno
735 1091 892 1171 tempore,
916 1109 988 1151 cum
1011 1087 1158 1172 liquente

137 1178 214 1260 gelu
240 1178 434 1262 niuibusque
463 1179 579 1242 solutis
608 1178 689 1242 flatu
717 1177 870 1241 calidiore
898 1180 1070 1241 uentorum
1098 1199 1158 1260 per
1173 1196 1191 1231 ιι·

136 1266 282 1351 diruptas
306 1268 469 1352 utrimque
485 1268 653 1352 angustias
669 1270 702 1331 et
725 1267 856 1332 lacunas
880 1267 1069 1350 pruinarum
1084 1287 1159 1329 cou-

137 1356 226 1439 gerie
250 1356 431 1422 latebrosas
455 1357 681 1421 descendentes
706 1356 931 1420 cunctantibus
955 1355 1076 1438 plantis
1100 1355 1159 1419 ho-

135 1447 239 1510 mines
264 1450 296 1510 et
319 1446 465 1511 iumenta
492 1447 664 1529 procidunt
687 1449 720 1509 et
744 1449 910 1528 carpenta3
934 1445 1029 1528 idque
1052 1465 1158 1508 reme-

136 1535 225 1600 dium
249 1535 289 1599 ad
312 1537 485 1601 arcendum
509 1537 643 1600 exitium
666 1539 831 1618 repertum
854 1539 905 1598 est
927 1533 1046 1617 solum,
1070 1534 1158 1618 quod

135 1625 290 1708 pleraque
319 1624 470 1690 uehicula
499 1626 601 1690 uastis
631 1624 763 1688 funibus
793 1623 931 1708 inligata
960 1645 1043 1706 pone
1069 1621 1159 1686 cohi·
1173 1633 1214 1702 151]

135 1713 232 1777 bento
246 1714 392 1778 uirorum
407 1715 459 1778 uel
475 1714 574 1778 boum
587 1714 661 1778 nisu
675 1712 783 1778 ualido
798 1714 854 1777 uix
878 1733 991 1796 gressu
1004 1716 1158 1795 reptante
1213 1709 1214 1764 ἶ

134 1802 233 1886 paulo
261 1803 363 1866 tutius
392 1802 617 1868 deuoluuntur.
652 1807 701 1882 et
723 1802 812 1885 haec,
840 1806 876 1866 ut
899 1802 1048 1884 diximus,
1079 1803 1156 1865 anni

134 1912 235 1955 uerno
251 1891 452 1976 contingunt.
498 1892 528 1957 5.
547 1893 653 1957 hieme
672 1914 749 1956 uero
764 1892 880 1956 humus
896 1894 1039 1956 crustata
1055 1890 1158 1975 frigo-

135 1979 226 2044 ribus
257 1983 289 2044 et
319 1983 487 2065 tamquam
517 1983 662 2066 lenigata
691 1982 827 2065 ideoque
855 1981 965 2045 labilis
993 1981 1159 2044 incessum

134 2068 405 2152 praecipitantem
431 2071 562 2154 inpellit
594 2075 627 2134 et
658 2071 789 2155 patulae
820 2071 922 2134 ualles
955 2091 1013 2153 per
1046 2071 1157 2153 spatia
1173 2089 1194 2124 u

133 2158 233 2242 plana
247 2159 352 2243 glacie
375 2159 516 2243 perfidae
531 2164 649 2225 norant
662 2182 729 2224 nou
742 2182 917 2243 numquam
939 2163 1158 2222 transeuntes

90 2285 93 2294 ·
135 2247 177 2311 ob
202 2271 284 2333 quae
308 2248 454 2313 locorum
478 2249 589 2314 callidi
616 2251 794 2314 eminentes
824 2249 951 2333 ligneos
975 2247 1070 2312 stilos
1097 2270 1159 2332 per

136 2339 283 2402 cautiora
305 2338 377 2403 loca
400 2339 554 2424 defigunt,
577 2343 740 2403 uteorum
764 2339 864 2402 series
883 2339 1043 2402 uiatorem
1058 2337 1159 2401 ducat

134 2427 314 2492 innoxium:
339 2429 447 2512 quisi
472 2429 603 2493 niuibus
627 2429 734 2512 operti
757 2427 925 2508 latuerint,
949 2425 1158 2490 montanisue

135 2515 349 2580 defluentibus
383 2517 462 2582 riuis
496 2518 614 2602 euersi‚
651 2518 761 2601 gnaris
795 2516 979 2600 agrestibus
1011 2515 1157 2598 pracuiis
1174 2531 1196 2568 251

135 2603 268 2667 difficile
282 2607 470 2686 peruadunt.
512 2607 542 2671 6.
558 2629 577 2670 1
591 2607 777 2672 summitate
802 2608 911 2670 autem
925 2604 1021 2668 huius
1045 2602 1158 2666 Italici

134 2691 212 2756 cliui
234 2692 388 2776 planities
412 2696 577 2778 adusque
601 2696 778 2760 stationem
800 2695 930 2758 nomine
956 2692 1073 2756 Martis
1096 2714 1159 2775 per

134 2785 259 2864 septem
284 2784 467 2847 extenditur
490 2784 590 2867 milia,
614 2789 647 2848 11
670 2781 1159 2848 1111111111111111111111111·

135 2889 294 2954 aegreque
320 2873 514 2955 superabilis
539 2873 577 2938 ad
592 2873 761 2938 Matronae
784 2873 965 2956 porrigitur
988 2871 1157 2950 uerticem,

135 2960 224 3024 cuius
253 2961 447 3026 uocabulum
475 2984 566 3026 casus
595 2963 735 3027 feminae
763 2961 884 3026 nobilis
917 2960 1015 3024 dedit.
1070 2960 1157 3023 unde
1175 2979 1200 3015 :a

134 3047 259 3112 decline
283 3051 412 3133 quidem
435 3051 498 3115 iter
522 3051 577 3115 sed
592 3051 771 3134 expeditius
797 3051 836 3115 ad
859 3072 960 3134 usque
982 3047 1159 3112 castellum

133 3133 346 3220 Virgautiam
359 3145 459 3222 patet.
497 3141 525 3204 7.
539 3140 634 3204 huius
655 3141 838 3224 sepulcrum
852 3139 968 3222 reguli,
988 3159 1085 3222 quem
1104 3137 1159 3200 iti-

134 3246 215 3289 nera
237 3227 392 3292 struxisse
416 3229 611 3312 rettulimus,
635 3227 812 3313 Segusione
828 3232 877 3292 est
891 3227 1060 3291 moenibus
1083 3249 1160 3310 pro-

205 3424 221 3472 2
244 3420 274 3473 11
301 3419 328 3471 V
392 3420 555 3474 uiuantibus
581 3420 633 3473 VP
703 3426 718 3473 5
741 3419 887 3490 segutione
910 3418 961 3473 VP
986 3417 1092 3487 oppido
1112 3420 1159 3471 est

136 3492 216 3541 trans
251 3505 273 3542 s.
291 3487 343 3556 opu
393 3487 591 3542 bdiaorimiue
613 3487 665 3540 VP
717 3488 946 3541 1111111111
999 3485 1160 3541 16111111

136 3555 190 3607 nisi
303 3561 336 3608 22
354 3555 594 3624 111111111119
618 3621 623 3633 .
649 3561 682 3609 13
700 3554 829 3625 defigunt
842 3555 896 3609 GA
908 3503 1071 3624 defiguntur
1086 3552 1161 3607 VPb

136 3628 169 3690 21
186 3622 364 3677 montanisue
382 3623 482 3691 scripsi
499 3623 638 3677 montanis
656 3622 734 3677 codd.
779 3627 812 3676 25
830 3623 925 3692 guaris
937 3627 962 3677 et
975 3628 1073 3689 postca
1091 3637 1160 3690 per-

212 3689 335 3760 *Haupt
352 3706 454 3761 graues
470 3690 556 3747 VPba
574 3706 624 3750 cru.
646 3691 672 3745 G
732 3695 764 3744 26
782 3690 978 3759 peruaduntur
999 3687 1052 3742 VP
