2530 3922
152 163 201 230 42
548 160 627 215 xlm
646 167 687 229 11,
705 166 807 216 ‘rs-34

155 311 286 374 mnatus
315 305 451 370 extincti
477 325 536 388 per
563 303 711 370 fallacias
736 301 885 370 Caesaris
913 301 1063 366 manibus
1092 300 1178 364 inla-

154 399 296 464 crimoso
320 395 413 459 obitu
435 393 630 477 parentauit.
690 439 692 444 -

170 527 171 534 κ
237 485 290 552 25.
299 481 432 549 Haccet
441 482 538 547 huius
548 482 637 546 modi
647 482 804 565 quaedam
814 479 1064 546 innumerabilia
1073 478 1179 543 ultrix

156 577 337 642 facinorum
364 571 538 656 impioram
561 572 785 655 bonorumque
812 568 1023 654 praemiatrix
1050 567 1180 651 aliquo-

155 666 242 730 tiens
271 665 424 746 operatur
451 659 608 726 Adrastia
636 697 678 706 -
702 663 799 744 atque
827 659 953 723 utinam
981 679 1109 740 semper
1133 678 1204 719 ——s

156 775 254 839 quam
285 751 445 816 uocabulo
474 749 593 834 duplici
625 750 726 814 etiem
758 747 926 814 Nemesim
958 746 1180 830 appellamus:

157 844 208 908 ius
241 839 401 926 quoddam
430 839 569 904 sublime
601 837 743 904 numinis
773 837 928 920 efficacis,
960 835 1180 900 humanarum

152 931 316 996 vmentium
339 929 490 1012 opinione
514 928 621 994 lunari
644 927 765 992 circulo
790 925 1039 1010 superpositum,
1062 925 1116 988 uel
1139 928 1182 987 ut

157 1020 315 1085 definiunt
348 1018 418 1101 alii,
456 1017 681 1082 substantialis
713 1016 817 1081 tutela
849 1012 996 1100 generali
1024 1013 1182 1098 potentia

155 1107 332 1194 partilibus
355 1107 542 1191 praesidens
565 1105 653 1190 fatis,
677 1128 775 1189 qnam
797 1103 946 1189 theologi
967 1106 1094 1170 ueteres
1117 1099 1181 1165 fin-
1194 1125 1219 1164 a

159 1201 272 1283 gentes
300 1195 452 1262 Iustitiae
479 1195 583 1259 filiam
610 1217 649 1259 ex
678 1192 790 1259 abdita
813 1193 952 1279 quadam
980 1191 1179 1257 aeternitate

154 1287 291 1351 tradunt
301 1285 411 1350 omnia
420 1284 606 1368 despectare
616 1287 752 1348 terrena.
776 1284 828 1349 26.
841 1284 922 1347 haec
935 1286 972 1347 ut
982 1282 1095 1365 regina
1105 1283 1182 1344 cau-

159 1397 270 1440 sarum
292 1379 325 1440 et
348 1373 473 1438 arbitra
485 1395 594 1438 rerum
617 1395 654 1438 ac
673 1372 885 1457 disceptatrix
899 1393 1015 1436 urnam
1038 1370 1183 1434 sortium

156 1468 321 1549 temperat
348 1463 562 1528 accidentium
591 1463 678 1527 uices
710 1463 876 1527 alternans
906 1461 1182 1542 uoluntatumque

158 1558 346 1618 nostrarum
369 1574 485 1618 exorsa
511 1552 673 1616 interdum
696 1551 771 1634 alio,
799 1573 896 1635 quam
919 1571 982 1634 quo
1007 1547 1183 1614 contende·
1198 1569 1222 1608 15

159 1643 248 1725 bant,
281 1643 370 1706 exitu
396 1641 575 1706 terminans
607 1640 806 1724 multiplices
840 1641 929 1704 actus
962 1636 1181 1722 permutando

158 1730 334 1794 conuoluit.
380 1729 554 1812 eademque
577 1729 784 1793 necessitatis
808 1727 978 1793 insolubili
997 1725 1182 1791 retinaculo

159 1818 372 1882 mortalitatis
396 1817 540 1882 uinciens
564 1817 668 1885 fastus
691 1821 854 1882 tumentes
878 1817 911 1881 in
928 1837 1056 1881 cassum
1075 1817 1109 1878 et
1131 1813 1183 1878 in·

159 1910 399 1972 crementorum
426 1906 756 1991 detrimentorumque
784 1909 948 1971 momenta
970 1925 1113 1986 uersans,
1143 1909 1184 1967 ut

160 1996 263 2080 nouit,
299 2017 384 2060 nunc
420 1999 543 2060 erectas
580 1997 738 2060 mentium
775 1995 914 2060 ceruices
952 1991 1109 2078 opprimit
1148 1996 1184 2057 et
1199 2016 1225 2055 ao

160 2089 308 2168 eneruat,
330 2106 416 2150 nunc
438 2085 541 2149 bonos
566 2085 606 2148 ab
630 2085 695 2149 imo
721 2085 882 2149 suscitans
906 2084 947 2148 ad
969 2083 1052 2147 bene
1068 2081 1185 2146 uiuen-

160 2174 238 2238 dum
261 2173 398 2238 extollit.
430 2174 546 2258 pinnas
562 2177 670 2238 autem
693 2173 765 2238 ideo
789 2173 841 2236 illi
863 2172 1014 2237 fabulosa
1032 2173 1184 2236 uetustas

109 2271 112 2278 '
131 2335 134 2342 ¹
159 2263 296 2347 aptauit‚
314 2266 351 2326 ut
366 2262 477 2328 adesse
491 2262 665 2328 uelocitate
686 2262 812 2327 uolucri
826 2261 950 2326 cunctis
966 2259 1185 2342 existimetur,

160 2356 195 2416 et
208 2353 418 2436 praetendere
429 2351 787 2437 gubernaculum‘dedit
801 2351 894 2435 eique
906 2349 1049 2415 subdidit
1062 2351 1184 2431 rotam,

161 2446 199 2505 ut
221 2441 468 2506 uniuersitatem
482 2462 594 2525 regere
617 2464 676 2524 per
690 2441 851 2506 elementa
873 2439 1055 2504 discurrens
1071 2437 1186 2502 omnia
1201 2460 1230 2502 es

160 2551 228 2594 non
250 2530 428 2612 ignoretur.

250 2615 302 2681 27.
316 2616 389 2682 Hoc
398 2617 560 2683 inmaturo
570 2619 705 2683 interitu
719 2619 789 2703 ipse
806 2638 932 2702 quoque
947 2616 997 2681 sui
1011 2618 1187 2700 pertaesus

162 2705 300 2770 excessit
314 2727 331 2769 e
346 2706 416 2770 uita
439 2708 555 2771 aetatis
578 2729 664 2772 nono
688 2729 772 2772 anno
790 2710 888 2792 atque
907 2705 1083 2770 uicensimo
1110 2726 1187 2769 cum

163 2793 373 2877 quadriennio
396 2794 597 2878 imperasset.
641 2800 737 2861 natus
761 2795 846 2880 apud
867 2793 991 2858 Tuscos
1015 2793 1050 2858 in
1071 2785 1187 2857 Massa

162 2879 366 2967 Veternensi,
388 2887 482 2966 patre
505 2881 697 2950 Constantio
722 2883 931 2950 Constantini
953 2882 1054 2948 fratre
1081 2882 1185 2966 impe·
1203 2907 1232 2946 ao

162 2972 292 3057 ratoris,
315 2976 484 3057 matreque
498 2973 595 3039 Galla
618 2996 728 3039 sorore
742 2973 855 3039 Rufini
877 2976 911 3036 et
925 2969 1079 3054 Cerealis,
1099 2989 1185 3055 quos

161 3060 295 3124 trabeae
310 3061 497 3126 consulares
511 3063 729 3128 nobilitarunt
744 3066 778 3127 et
791 3061 1022 3146 praefecturae.
1052 3059 1106 3124 28.
1119 3059 1188 3140 fait

164 3151 273 3212 autem
300 3149 407 3213 forma
435 3151 626 3235 conspicuus
656 3152 751 3234 bona,
783 3152 915 3215 decente
947 3149 1004 3214 filo
1037 3148 1188 3230 corporis

233 3365 395 3474 lmanibps
408 3365 502 3421 anima
518 3365 622 3436 VPbpa
691 3366 876 3436 tultrixbpo
893 3366 970 3420 ultra
985 3365 1037 3419 VP
1093 3369 1108 3418 ‘1
1120 3364 1190 3417 sub-

170 3484 260 3538 limen
282 3485 411 3539 numenis
435 3484 461 3538 V
525 3491 557 3539 13
575 3485 628 3540 hac
646 3485 829 3552 disceptatria
850 3483 903 3538 VP
972 3489 1003 3538 19
1021 3498 1140 3537 uersans
1161 3481 1190 3536 G

169 3544 295 3606 uersabis
306 3551 385 3606 V¹Pr
393 3551 540 3608 namabilis
556 3552 653 3622 V⁸bpo
687 3559 720 3608 28
733 3568 807 3606 anno
817 3568 868 3606 om.
880 3553 913 3622 tp
939 3557 972 3604 32
985 3549 1039 3605 fuit
1051 3551 1150 3605 autem
1159 3551 1190 3604 A

177 3620 275 3691 [locst
292 3619 359 3690 lita]
379 3621 474 3675 autem
496 3619 548 3675 VP
564 3620 619 3675 fuit
636 3621 732 3675 autem
749 3635 799 3674 om.
817 3620 849 3690 tp
