<?xml version="1.0" encoding="UTF-8"?>
<!DOCTYPE html PUBLIC "-//W3C//DTD XHTML 1.0 Transitional//EN"
    "http://www.w3.org/TR/xhtml1/DTD/xhtml1-transitional.dtd">
<html xmlns="http://www.w3.org/1999/xhtml" xml:lang="en" lang="en">
 <head>
  <title>
</title>
<meta http-equiv="Content-Type" content="text/html;charset=utf-8" />
  <meta name='ocr-system' content='tesseract 3.04.00' />
  <meta name='ocr-capabilities' content='ocr_page ocr_carea ocr_par ocr_line ocrx_word'/>
</head>
<body>
  <div class='ocr_page' id='page_1' title='image "ammianimarcelli01marcgoog_0144.png"; bbox 0 0 2430 3928; ppageno 0'>
   <div class='ocr_carea' id='block_1_1' title="bbox 214 179 1023 248">
    <p class='ocr_par' dir='ltr' id='par_1_1' title="bbox 214 179 1023 248">
     <span class='ocr_line' id='line_1_1' title="bbox 214 179 1023 248; baseline 0.019 -14"><span class='ocrx_word' id='word_1_1' title='bbox 214 179 469 238; x_wconf 81' lang='lat' dir='ltr'><strong>CONSTANTIVS</strong></span> <span class='ocrx_word' id='word_1_2' title='bbox 487 180 534 235; x_wconf 82' lang='lat' dir='ltr'><strong>ET</strong></span> <span class='ocrx_word' id='word_1_3' title='bbox 550 181 726 236; x_wconf 81' lang='lat' dir='ltr'>IVLIANVS</span> <span class='ocrx_word' id='word_1_4' title='bbox 744 188 793 236; x_wconf 74' lang='lat'><strong>357</strong></span> <span class='ocrx_word' id='word_1_5' title='bbox 966 183 1023 248; x_wconf 90' lang='lat' dir='ltr'><strong>lll</strong></span> 
     </span>
    </p>
   </div>
   <div class='ocr_carea' id='block_1_2' title="bbox 3 322 1057 2019">
    <p class='ocr_par' dir='ltr' id='par_1_2' title="bbox 3 322 1057 2019">
     <span class='ocr_line' id='line_1_2' title="bbox 21 322 1026 409; baseline 0.003 -21"><span class='ocrx_word' id='word_1_6' title='bbox 21 322 166 388; x_wconf 85' lang='lat' dir='ltr'><strong>inflabant</strong></span> <span class='ocrx_word' id='word_1_7' title='bbox 189 345 229 388; x_wconf 85' lang='lat' dir='ltr'><strong>ex</strong></span> <span class='ocrx_word' id='word_1_8' title='bbox 252 346 313 388; x_wconf 90' lang='lat' dir='ltr'><strong>usu</strong></span> <span class='ocrx_word' id='word_1_9' title='bbox 336 323 567 408; x_wconf 75' lang='lat' dir='ltr'>imperatorem</span> <span class='ocrx_word' id='word_1_10' title='bbox 590 329 704 408; x_wconf 88' lang='lat' dir='ltr'><strong>suopte</strong></span> <span class='ocrx_word' id='word_1_11' title='bbox 731 325 864 409; x_wconf 90' lang='lat' dir='ltr'><strong>ingenio</strong></span> <span class='ocrx_word' id='word_1_12' title='bbox 887 325 1026 392; x_wconf 88' lang='lat' dir='ltr'><strong>nimium</strong></span> 
     </span>
     <span class='ocr_line' id='line_1_3' title="bbox 21 412 1024 499; baseline 0.004 -23"><span class='ocrx_word' id='word_1_13' title='bbox 21 412 160 496; x_wconf 91' lang='lat' dir='ltr'><strong>quicquid</strong></span> <span class='ocrx_word' id='word_1_14' title='bbox 182 433 241 496; x_wconf 88' lang='lat' dir='ltr'><strong>per</strong></span> <span class='ocrx_word' id='word_1_15' title='bbox 255 434 387 478; x_wconf 90' lang='lat' dir='ltr'><strong>omnem</strong></span> <span class='ocrx_word' id='word_1_16' title='bbox 400 417 506 478; x_wconf 89' lang='lat' dir='ltr'><strong>terrae</strong></span> <span class='ocrx_word' id='word_1_17' title='bbox 526 413 685 479; x_wconf 88' lang='lat' dir='ltr'><strong>ambitum</strong></span> <span class='ocrx_word' id='word_1_18' title='bbox 700 414 860 499; x_wconf 78' lang='lat' dir='ltr'><strong>agebatur</strong></span> <span class='ocrx_word' id='word_1_19' title='bbox 874 413 1024 480; x_wconf 85' lang='lat' dir='ltr'><strong>felicibus</strong></span> 
     </span>
     <span class='ocr_line' id='line_1_4' title="bbox 21 501 1025 590; baseline 0.005 -25"><span class='ocrx_word' id='word_1_20' title='bbox 21 503 79 566; x_wconf 84' lang='lat' dir='ltr'><strong>eius</strong></span> <span class='ocrx_word' id='word_1_21' title='bbox 92 501 245 586; x_wconf 77' lang='lat' dir='ltr'><strong>auspiciis</strong></span> <span class='ocrx_word' id='word_1_22' title='bbox 265 502 483 588; x_wconf 88' lang='lat' dir='ltr'><strong>adsignantes.</strong></span> <span class='ocrx_word' id='word_1_23' title='bbox 507 503 559 568; x_wconf 86' lang='lat'><strong>69.</strong></span> <span class='ocrx_word' id='word_1_24' title='bbox 574 503 724 588; x_wconf 77' lang='lat' dir='ltr'><strong>quocirca</strong></span> <span class='ocrx_word' id='word_1_25' title='bbox 742 503 1025 590; x_wconf 78' lang='lat' dir='ltr'><strong>magniloquentia</strong></span> 
     </span>
     <span class='ocr_line' id='line_1_5' title="bbox 19 591 1025 678; baseline 0.004 -24"><span class='ocrx_word' id='word_1_26' title='bbox 19 592 113 656; x_wconf 80' lang='lat' dir='ltr'><strong>elatus</strong></span> <span class='ocrx_word' id='word_1_27' title='bbox 144 591 353 658; x_wconf 77' lang='lat' dir='ltr'><strong>adulatorum</strong></span> <span class='ocrx_word' id='word_1_28' title='bbox 383 595 461 658; x_wconf 87' lang='lat' dir='ltr'><strong>tune</strong></span> <span class='ocrx_word' id='word_1_29' title='bbox 493 598 526 658; x_wconf 88' lang='lat' dir='ltr'><strong>et</strong></span> <span class='ocrx_word' id='word_1_30' title='bbox 557 593 671 658; x_wconf 89' lang='lat' dir='ltr'><strong>deinde</strong></span> <span class='ocrx_word' id='word_1_31' title='bbox 700 593 814 659; x_wconf 83' lang='lat' dir='ltr'><strong>edictis</strong></span> <span class='ocrx_word' id='word_1_32' title='bbox 846 594 1025 678; x_wconf 87' lang='lat' dir='ltr'><strong>propositis</strong></span> 
     </span>
     <span class='ocr_line' id='line_1_6' title="bbox 3 681 1025 766; baseline 0.006 -26"><span class='ocrx_word' id='word_1_33' title='bbox 3 681 204 765; x_wconf 66' lang='lat' dir='ltr'><strong>adroganter</strong></span> <span class='ocrx_word' id='word_1_34' title='bbox 232 681 314 746; x_wconf 89' lang='lat' dir='ltr'><strong>satis</strong></span> <span class='ocrx_word' id='word_1_35' title='bbox 342 681 447 746; x_wconf 87' lang='lat' dir='ltr'><strong>multa</strong></span> <span class='ocrx_word' id='word_1_36' title='bbox 474 682 705 765; x_wconf 84' lang='lat' dir='ltr'><strong>mentiebatur,</strong></span> <span class='ocrx_word' id='word_1_37' title='bbox 739 705 772 747; x_wconf 88' lang='lat' dir='ltr'><strong>se</strong></span> <span class='ocrx_word' id='word_1_38' title='bbox 801 685 922 766; x_wconf 87' lang='lat' dir='ltr'><strong>solum,</strong></span> <span class='ocrx_word' id='word_1_39' title='bbox 951 704 1025 747; x_wconf 88' lang='lat' dir='ltr'><strong>oum</strong></span> 
     </span>
     <span class='ocr_line' id='line_1_7' title="bbox 17 769 1025 856; baseline 0.003 -23"><span class='ocrx_word' id='word_1_40' title='bbox 17 771 111 853; x_wconf 86' lang='lat' dir='ltr'><strong>gestis</strong></span> <span class='ocrx_word' id='word_1_41' title='bbox 136 792 205 835; x_wconf 91' lang='lat' dir='ltr'><strong>non</strong></span> <span class='ocrx_word' id='word_1_42' title='bbox 233 769 403 855; x_wconf 69' lang='lat' dir='ltr'><strong>adfuisset,</strong></span> <span class='ocrx_word' id='word_1_43' title='bbox 431 774 464 835; x_wconf 87' lang='lat' dir='ltr'><strong>et</strong></span> <span class='ocrx_word' id='word_1_44' title='bbox 491 771 662 836; x_wconf 80' lang='lat' dir='ltr'><strong>dimicasse</strong></span> <span class='ocrx_word' id='word_1_45' title='bbox 686 775 719 837; x_wconf 89' lang='lat' dir='ltr'><strong>et</strong></span> <span class='ocrx_word' id='word_1_46' title='bbox 741 773 861 838; x_wconf 87' lang='lat' dir='ltr'><strong>uicisse</strong></span> <span class='ocrx_word' id='word_1_47' title='bbox 890 777 923 836; x_wconf 89' lang='lat' dir='ltr'><strong>et</strong></span> <span class='ocrx_word' id='word_1_48' title='bbox 951 794 1025 856; x_wconf 88' lang='lat' dir='ltr'><strong>sup·</strong></span> 
     </span>
     <span class='ocr_line' id='line_1_8' title="bbox 17 860 1026 945; baseline 0.002 -22"><span class='ocrx_word' id='word_1_49' title='bbox 17 860 109 942; x_wconf 88' lang='lat' dir='ltr'><strong>plices</strong></span> <span class='ocrx_word' id='word_1_50' title='bbox 131 879 227 944; x_wconf 87' lang='lat' dir='ltr'><strong>reges</strong></span> <span class='ocrx_word' id='word_1_51' title='bbox 250 860 399 944; x_wconf 87' lang='lat' dir='ltr'><strong>gentium</strong></span> <span class='ocrx_word' id='word_1_52' title='bbox 422 860 563 927; x_wconf 82' lang='lat' dir='ltr'><strong>erexisse</strong></span> <span class='ocrx_word' id='word_1_53' title='bbox 588 861 784 945; x_wconf 85' lang='lat' dir='ltr'><strong>aliquotiens</strong></span> <span class='ocrx_word' id='word_1_54' title='bbox 809 861 967 944; x_wconf 86' lang='lat' dir='ltr'><strong>scribens,</strong></span> <span class='ocrx_word' id='word_1_55' title='bbox 992 867 1026 926; x_wconf 89' lang='lat' dir='ltr'><strong>et</strong></span> 
     </span>
     <span class='ocr_line' id='line_1_9' title="bbox 16 949 1025 1035; baseline 0.003 -22"><span class='ocrx_word' id='word_1_56' title='bbox 16 951 40 1012; x_wconf 87' lang='lat' dir='ltr'><strong>si</strong></span> <span class='ocrx_word' id='word_1_57' title='bbox 61 949 151 1014; x_wconf 88' lang='lat' dir='ltr'><strong>uerbi</strong></span> <span class='ocrx_word' id='word_1_58' title='bbox 181 949 291 1033; x_wconf 53' lang='lat' dir='ltr'><strong>matis</strong></span> <span class='ocrx_word' id='word_1_59' title='bbox 313 971 351 1014; x_wconf 88' lang='lat' dir='ltr'><strong>eo</strong></span> <span class='ocrx_word' id='word_1_60' title='bbox 374 955 492 1034; x_wconf 86' lang='lat' dir='ltr'><strong>agente</strong></span> <span class='ocrx_word' id='word_1_61' title='bbox 519 954 598 1016; x_wconf 87' lang='lat' dir='ltr'><strong>tune</strong></span> <span class='ocrx_word' id='word_1_62' title='bbox 621 951 656 1016; x_wconf 91' lang='lat' dir='ltr'><strong>in</strong></span> <span class='ocrx_word' id='word_1_63' title='bbox 683 951 783 1016; x_wconf 89' lang='lat' dir='ltr'><strong>Italia</strong></span> <span class='ocrx_word' id='word_1_64' title='bbox 805 952 869 1016; x_wconf 87' lang='lat' dir='ltr'><strong>dux</strong></span> <span class='ocrx_word' id='word_1_65' title='bbox 894 951 1025 1035; x_wconf 89' lang='lat' dir='ltr'><strong>quidam</strong></span> 
     </span>
     <span class='ocr_line' id='line_1_10' title="bbox 16 1037 1026 1124; baseline 0.002 -23"><span class='ocrx_word' id='word_1_66' title='bbox 16 1040 130 1122; x_wconf 80' lang='lat' dir='ltr'><strong>egisset</strong></span> <span class='ocrx_word' id='word_1_67' title='bbox 151 1037 286 1106; x_wconf 89' lang='lat' dir='ltr'><strong>fortiter</strong></span> <span class='ocrx_word' id='word_1_68' title='bbox 309 1043 423 1105; x_wconf 88' lang='lat' dir='ltr'><strong>eontra</strong></span> <span class='ocrx_word' id='word_1_69' title='bbox 444 1039 570 1124; x_wconf 87' lang='lat' dir='ltr'><strong>Persas,</strong></span> <span class='ocrx_word' id='word_1_70' title='bbox 593 1040 685 1106; x_wconf 89' lang='lat' dir='ltr'><strong>nulla</strong></span> <span class='ocrx_word' id='word_1_71' title='bbox 699 1041 768 1106; x_wconf 88' lang='lat' dir='ltr'><strong>eius</strong></span> <span class='ocrx_word' id='word_1_72' title='bbox 782 1039 949 1106; x_wconf 89' lang='lat' dir='ltr'><strong>mentione</strong></span> <span class='ocrx_word' id='word_1_73' title='bbox 967 1061 1026 1124; x_wconf 89' lang='lat' dir='ltr'><strong>per</strong></span> 
     </span>
     <span class='ocr_line' id='line_1_11' title="bbox 3 1127 1057 1216; baseline 0.001 -25"><span class='ocrx_word' id='word_1_74' title='bbox 3 1133 133 1194; x_wconf 81' lang='lat' dir='ltr'><strong>textum</strong></span> <span class='ocrx_word' id='word_1_75' title='bbox 160 1127 392 1216; x_wconf 88' lang='lat' dir='ltr'><strong>longissimum</strong></span> <span class='ocrx_word' id='word_1_76' title='bbox 418 1127 505 1194; x_wconf 85' lang='lat' dir='ltr'><strong>faeta</strong></span> <span class='ocrx_word' id='word_1_77' title='bbox 532 1130 696 1196; x_wconf 87' lang='lat' dir='ltr'><strong>laureatas</strong></span> <span class='ocrx_word' id='word_1_78' title='bbox 723 1131 853 1196; x_wconf 80' lang='lat' dir='ltr'><strong>litteras</strong></span> <span class='ocrx_word' id='word_1_79' title='bbox 881 1129 921 1193; x_wconf 90' lang='lat' dir='ltr'><strong>ad</strong></span> <span class='ocrx_word' id='word_1_80' title='bbox 953 1150 1026 1213; x_wconf 88' lang='lat' dir='ltr'><strong>pro·</strong></span> <span class='ocrx_word' id='word_1_81' title='bbox 1055 1179 1057 1186; x_wconf 88' lang='grc'>.</span> 
     </span>
     <span class='ocr_line' id='line_1_12' title="bbox 16 1218 1025 1302; baseline -0.001 -20"><span class='ocrx_word' id='word_1_82' title='bbox 16 1219 187 1283; x_wconf 87' lang='lat' dir='ltr'><strong>uinciarum</strong></span> <span class='ocrx_word' id='word_1_83' title='bbox 201 1218 320 1284; x_wconf 88' lang='lat' dir='ltr'><strong>damna</strong></span> <span class='ocrx_word' id='word_1_84' title='bbox 334 1218 496 1302; x_wconf 85' lang='lat' dir='ltr'><strong>mittebat,</strong></span> <span class='ocrx_word' id='word_1_85' title='bbox 520 1241 553 1283; x_wconf 91' lang='lat' dir='ltr'><strong>se</strong></span> <span class='ocrx_word' id='word_1_86' title='bbox 577 1219 662 1284; x_wconf 90' lang='lat' dir='ltr'><strong>inter</strong></span> <span class='ocrx_word' id='word_1_87' title='bbox 684 1221 844 1302; x_wconf 88' lang='lat' dir='ltr'><strong>primores</strong></span> <span class='ocrx_word' id='word_1_88' title='bbox 858 1222 1025 1283; x_wconf 85' lang='lat' dir='ltr'><strong>uersatum</strong></span> 
     </span>
     <span class='ocr_line' id='line_1_13' title="bbox 15 1307 1025 1392; baseline -0.001 -21"><span class='ocrx_word' id='word_1_89' title='bbox 15 1332 78 1372; x_wconf 76' lang='lat' dir='ltr'><strong>eum</strong></span> <span class='ocrx_word' id='word_1_90' title='bbox 94 1309 209 1374; x_wconf 89' lang='lat' dir='ltr'><strong>odiosa</strong></span> <span class='ocrx_word' id='word_1_91' title='bbox 223 1307 274 1372; x_wconf 89' lang='lat' dir='ltr'><strong>sui</strong></span> <span class='ocrx_word' id='word_1_92' title='bbox 287 1307 462 1374; x_wconf 87' lang='lat' dir='ltr'><strong>iactatione</strong></span> <span class='ocrx_word' id='word_1_93' title='bbox 478 1307 674 1392; x_wconf 84' lang='lat' dir='ltr'><strong>significans.</strong></span> <span class='ocrx_word' id='word_1_94' title='bbox 695 1309 745 1374; x_wconf 79' lang='lat'><strong>70.</strong></span> <span class='ocrx_word' id='word_1_95' title='bbox 760 1313 873 1374; x_wconf 87' lang='lat' dir='ltr'><strong>extant</strong></span> <span class='ocrx_word' id='word_1_96' title='bbox 888 1307 1025 1390; x_wconf 87' lang='lat' dir='ltr'><strong>denique</strong></span> 
     </span>
     <span class='ocr_line' id='line_1_14' title="bbox 14 1395 1025 1483; baseline 0.001 -24"><span class='ocrx_word' id='word_1_97' title='bbox 14 1401 74 1462; x_wconf 77' lang='lat' dir='ltr'><strong>sius</strong></span> <span class='ocrx_word' id='word_1_98' title='bbox 108 1397 217 1463; x_wconf 86' lang='lat' dir='ltr'><strong>edicta</strong></span> <span class='ocrx_word' id='word_1_99' title='bbox 247 1397 284 1462; x_wconf 90' lang='lat' dir='ltr'><strong>in</strong></span> <span class='ocrx_word' id='word_1_100' title='bbox 318 1395 490 1462; x_wconf 87' lang='lat' dir='ltr'><strong>tabulariis</strong></span> <span class='ocrx_word' id='word_1_101' title='bbox 528 1398 683 1482; x_wconf 90' lang='lat' dir='ltr'><strong>principis</strong></span> <span class='ocrx_word' id='word_1_102' title='bbox 720 1397 860 1483; x_wconf 89' lang='lat' dir='ltr'><strong>publicis</strong></span> <span class='ocrx_word' id='word_1_103' title='bbox 894 1395 1025 1460; x_wconf 90' lang='lat' dir='ltr'><strong>condita</strong></span> 
     </span>
     <span class='ocr_line' id='line_1_15' title="bbox 12 1485 1025 1574; baseline -0.003 -24"><span class='ocrx_word' id='word_1_104' title='bbox 12 1537 174 1552; x_wconf 93' lang='grc'>..........</span> <span class='ocrx_word' id='word_1_105' title='bbox 197 1487 306 1552; x_wconf 89' lang='lat' dir='ltr'><strong>delata</strong></span> <span class='ocrx_word' id='word_1_106' title='bbox 329 1486 483 1553; x_wconf 88' lang='lat' dir='ltr'><strong>narrandi</strong></span> <span class='ocrx_word' id='word_1_107' title='bbox 505 1487 744 1574; x_wconf 86' lang='lat' dir='ltr'><strong>extollendique</strong></span> <span class='ocrx_word' id='word_1_108' title='bbox 768 1490 872 1551; x_wconf 88' lang='lat' dir='ltr'><strong>semet</strong></span> <span class='ocrx_word' id='word_1_109' title='bbox 900 1485 935 1549; x_wconf 92' lang='lat' dir='ltr'><strong>in</strong></span> <span class='ocrx_word' id='word_1_110' title='bbox 957 1506 1025 1549; x_wconf 90' lang='lat' dir='ltr'><strong>eae-</strong></span> 
     </span>
     <span class='ocr_line' id='line_1_16' title="bbox 13 1574 1026 1661; baseline -0.002 -22"><span class='ocrx_word' id='word_1_111' title='bbox 13 1577 83 1642; x_wconf 92' lang='lat' dir='ltr'><strong>lum.</strong></span> <span class='ocrx_word' id='word_1_112' title='bbox 108 1578 149 1642; x_wconf 87' lang='lat' dir='ltr'><strong>ab</strong></span> <span class='ocrx_word' id='word_1_113' title='bbox 166 1575 390 1661; x_wconf 82' lang='lat' dir='ltr'><strong>Argentorato</strong></span> <span class='ocrx_word' id='word_1_114' title='bbox 405 1597 478 1640; x_wconf 92' lang='lat' dir='ltr'><strong>cum</strong></span> <span class='ocrx_word' id='word_1_115' title='bbox 492 1581 692 1661; x_wconf 86' lang='lat' dir='ltr'><strong>pugnaretur</strong></span> <span class='ocrx_word' id='word_1_116' title='bbox 706 1576 875 1641; x_wconf 89' lang='lat' dir='ltr'><strong>mansione</strong></span> <span class='ocrx_word' id='word_1_117' title='bbox 890 1574 1026 1659; x_wconf 87' lang='lat' dir='ltr'><strong>quadra-</strong></span> 
     </span>
     <span class='ocr_line' id='line_1_17' title="bbox 12 1663 1025 1751; baseline -0.006 -20"><span class='ocrx_word' id='word_1_118' title='bbox 12 1667 133 1749; x_wconf 86' lang='lat' dir='ltr'><strong>gesima</strong></span> <span class='ocrx_word' id='word_1_119' title='bbox 147 1667 341 1751; x_wconf 86' lang='lat' dir='ltr'><strong>disparatus,</strong></span> <span class='ocrx_word' id='word_1_120' title='bbox 364 1665 549 1730; x_wconf 87' lang='lat' dir='ltr'><strong>describens</strong></span> <span class='ocrx_word' id='word_1_121' title='bbox 567 1665 728 1750; x_wconf 87' lang='lat' dir='ltr'><strong>proelium</strong></span> <span class='ocrx_word' id='word_1_122' title='bbox 742 1665 846 1730; x_wconf 89' lang='lat' dir='ltr'><strong>aciem</strong></span> <span class='ocrx_word' id='word_1_123' title='bbox 860 1663 1025 1728; x_wconf 87' lang='lat' dir='ltr'><strong>ordinasse</strong></span> 
     </span>
     <span class='ocr_line' id='line_1_18' title="bbox 12 1753 1026 1839; baseline -0.003 -21"><span class='ocrx_word' id='word_1_124' title='bbox 12 1763 39 1819; x_wconf 73' lang='lat' dir='ltr'><strong>et</strong></span> <span class='ocrx_word' id='word_1_125' title='bbox 61 1756 196 1822; x_wconf 87' lang='lat' dir='ltr'><strong>stetisse</strong></span> <span class='ocrx_word' id='word_1_126' title='bbox 224 1755 311 1820; x_wconf 88' lang='lat' dir='ltr'><strong>inter</strong></span> <span class='ocrx_word' id='word_1_127' title='bbox 335 1753 509 1839; x_wconf 85' lang='lat' dir='ltr'><strong>signiferos</strong></span> <span class='ocrx_word' id='word_1_128' title='bbox 533 1759 566 1819; x_wconf 87' lang='lat' dir='ltr'><strong>et</strong></span> <span class='ocrx_word' id='word_1_129' title='bbox 589 1754 747 1820; x_wconf 87' lang='lat' dir='ltr'><strong>barbaros</strong></span> <span class='ocrx_word' id='word_1_130' title='bbox 775 1753 906 1839; x_wconf 85' lang='lat' dir='ltr'><strong>fugasse</strong></span> <span class='ocrx_word' id='word_1_131' title='bbox 934 1774 1026 1836; x_wconf 87' lang='lat' dir='ltr'><strong>prae-</strong></span> 
     </span>
     <span class='ocr_line' id='line_1_19' title="bbox 11 1841 1026 1930; baseline -0.005 -22"><span class='ocrx_word' id='word_1_132' title='bbox 11 1847 121 1928; x_wconf 80' lang='lat' dir='ltr'><strong>cipites</strong></span> <span class='ocrx_word' id='word_1_133' title='bbox 146 1845 274 1930; x_wconf 88' lang='lat' dir='ltr'><strong>sibique</strong></span> <span class='ocrx_word' id='word_1_134' title='bbox 298 1843 446 1910; x_wconf 86' lang='lat' dir='ltr'><strong>oblatum</strong></span> <span class='ocrx_word' id='word_1_135' title='bbox 469 1843 553 1908; x_wconf 86' lang='lat' dir='ltr'><strong>falso</strong></span> <span class='ocrx_word' id='word_1_136' title='bbox 582 1845 704 1909; x_wconf 88' lang='lat' dir='ltr'><strong>indicat</strong></span> <span class='ocrx_word' id='word_1_137' title='bbox 729 1841 1026 1908; x_wconf 73' lang='lat' dir='ltr'><strong>Chonodomarium</strong></span> 
     </span>
     <span class='ocr_line' id='line_1_20' title="bbox 12 1929 1025 2019; baseline -0.008 -18"><span class='ocrx_word' id='word_1_138' title='bbox 12 1974 47 1981; x_wconf 77' lang='lat'>—</span> <span class='ocrx_word' id='word_1_139' title='bbox 74 1957 136 2019; x_wconf 91' lang='lat' dir='ltr'><strong>pro</strong></span> <span class='ocrx_word' id='word_1_140' title='bbox 171 1957 281 2000; x_wconf 90' lang='lat' dir='ltr'><strong>rerum</strong></span> <span class='ocrx_word' id='word_1_141' title='bbox 313 1933 492 2017; x_wconf 87' lang='lat' dir='ltr'><strong>indignitas</strong></span> <span class='ocrx_word' id='word_1_142' title='bbox 522 1970 563 1979; x_wconf 87' lang='lat'>—</span> <span class='ocrx_word' id='word_1_143' title='bbox 593 1957 689 2018; x_wconf 89' lang='lat' dir='ltr'><strong>super</strong></span> <span class='ocrx_word' id='word_1_144' title='bbox 716 1933 838 1998; x_wconf 90' lang='lat' dir='ltr'><strong>Iuliani</strong></span> <span class='ocrx_word' id='word_1_145' title='bbox 869 1929 1025 2016; x_wconf 88' lang='lat' dir='ltr'><strong>gloriosis</strong></span> 
     </span>
    </p>
   </div>
   <div class='ocr_carea' id='block_1_3' title="bbox 9 2019 1026 2269">
    <p class='ocr_par' dir='ltr' id='par_1_3' title="bbox 9 2019 1026 2269">
     <span class='ocr_line' id='line_1_21' title="bbox 12 2019 1026 2108; baseline -0.005 -20"><span class='ocrx_word' id='word_1_146' title='bbox 12 2024 134 2090; x_wconf 81' lang='lat' dir='ltr'><strong>actibus</strong></span> <span class='ocrx_word' id='word_1_147' title='bbox 159 2024 380 2090; x_wconf 85' lang='lat' dir='ltr'><strong>conticescens</strong></span> <span class='ocrx_word' id='word_1_148' title='bbox 422 2045 502 2108; x_wconf 88' lang='lat' dir='ltr'><strong>quos</strong></span> <span class='ocrx_word' id='word_1_149' title='bbox 527 2023 702 2108; x_wconf 86' lang='lat' dir='ltr'><strong>sepelierat</strong></span> <span class='ocrx_word' id='word_1_150' title='bbox 723 2023 853 2107; x_wconf 90' lang='lat' dir='ltr'><strong>penitus</strong></span> <span class='ocrx_word' id='word_1_151' title='bbox 875 2021 910 2085; x_wconf 87' lang='lat' dir='ltr'><strong>ni</strong></span> <span class='ocrx_word' id='word_1_152' title='bbox 937 2019 1026 2084; x_wconf 86' lang='lat' dir='ltr'><strong>fama</strong></span> 
     </span>
     <span class='ocr_line' id='line_1_22' title="bbox 10 2073 1026 2196; baseline -0.005 -20"><span class='ocrx_word' id='word_1_153' title='bbox 10 2138 55 2180; x_wconf 83' lang='lat' dir='ltr'><strong>res</strong></span> <span class='ocrx_word' id='word_1_154' title='bbox 88 2114 252 2180; x_wconf 84' lang='lat' dir='ltr'><strong>maximas</strong></span> <span class='ocrx_word' id='word_1_155' title='bbox 284 2114 339 2178; x_wconf 89' lang='lat' dir='ltr'><strong>uel</strong></span> <span class='ocrx_word' id='word_1_156' title='bbox 367 2073 639 2178; x_wconf 83' lang='lat' dir='ltr'><strong>obumbrantibus</strong></span> <span class='ocrx_word' id='word_1_157' title='bbox 669 2112 821 2196; x_wconf 89' lang='lat' dir='ltr'><strong>plurimis</strong></span> <span class='ocrx_word' id='word_1_158' title='bbox 849 2109 945 2174; x_wconf 88' lang='lat' dir='ltr'><strong>silere</strong></span> <span class='ocrx_word' id='word_1_159' title='bbox 972 2130 1026 2171; x_wconf 91' lang='lat' dir='ltr'><strong>ue-</strong></span> 
     </span>
     <span class='ocr_line' id='line_1_23' title="bbox 9 2206 113 2269; baseline 0.067 -7"><span class='ocrx_word' id='word_1_160' title='bbox 9 2206 113 2269; x_wconf 66' lang='lat' dir='ltr'><strong>¹sciret.</strong></span> 
     </span>
    </p>
   </div>
   <div class='ocr_carea' id='block_1_4' title="bbox 385 2397 649 2464">
    <p class='ocr_par' dir='ltr' id='par_1_4' title="bbox 385 2397 649 2464">
     <span class='ocr_line' id='line_1_24' title="bbox 385 2397 649 2464; baseline -0.011 0"><span class='ocrx_word' id='word_1_161' title='bbox 385 2397 519 2464; x_wconf 77' lang='lat' dir='ltr'>LIBER</span> <span class='ocrx_word' id='word_1_162' title='bbox 543 2397 649 2462; x_wconf 86' lang='lat' dir='ltr'>XVII.</span> 
     </span>
    </p>
   </div>
   <div class='ocr_carea' id='block_1_5' title="bbox 26 2533 1030 3286">
    <p class='ocr_par' dir='ltr' id='par_1_5' title="bbox 34 2533 1029 2941">
     <span class='ocr_line' id='line_1_25' title="bbox 34 2533 1027 2596; baseline -0.008 -4"><span class='ocrx_word' id='word_1_163' title='bbox 34 2545 56 2592; x_wconf 78' lang='lat'><strong>1.</strong></span> <span class='ocrx_word' id='word_1_164' title='bbox 73 2539 214 2596; x_wconf 81' lang='lat' dir='ltr'><strong>Iulianos</strong></span> <span class='ocrx_word' id='word_1_165' title='bbox 254 2539 331 2596; x_wconf 75' lang='lat' dir='ltr'><strong>Gaea.</strong></span> <span class='ocrx_word' id='word_1_166' title='bbox 369 2541 490 2596; x_wconf 86' lang='lat' dir='ltr'><strong>transito</strong></span> <span class='ocrx_word' id='word_1_167' title='bbox 612 2537 695 2592; x_wconf 78' lang='lat' dir='ltr'><strong>lisera</strong></span> <span class='ocrx_word' id='word_1_168' title='bbox 706 2535 810 2590; x_wconf 84' lang='lat' dir='ltr'><strong>Romae</strong></span> <span class='ocrx_word' id='word_1_169' title='bbox 826 2533 857 2588; x_wconf 87' lang='lat' dir='ltr'><strong>in</strong></span> <span class='ocrx_word' id='word_1_170' title='bbox 872 2533 952 2588; x_wconf 80' lang='lat' dir='ltr'><strong>Uirro</strong></span> <span class='ocrx_word' id='word_1_171' title='bbox 963 2533 1027 2585; x_wconf 88' lang='lat' dir='ltr'><strong>Ma·</strong></span> 
     </span>
     <span class='ocr_line' id='line_1_26' title="bbox 70 2600 1027 2664; baseline -0.009 -2"><span class='ocrx_word' id='word_1_172' title='bbox 70 2605 404 2663; x_wconf 76' lang='lat' dir='ltr'><strong>RbenoAtammmcrmn</strong></span> <span class='ocrx_word' id='word_1_173' title='bbox 414 2609 490 2664; x_wconf 86' lang='lat' dir='ltr'><strong>nicos</strong></span> <span class='ocrx_word' id='word_1_174' title='bbox 611 2606 687 2659; x_wconf 82' lang='lat' dir='ltr'><strong>rimo</strong></span> <span class='ocrx_word' id='word_1_175' title='bbox 711 2603 852 2658; x_wconf 80' lang='lat' dir='ltr'><strong>subrectas</strong></span> <span class='ocrx_word' id='word_1_176' title='bbox 882 2600 1027 2656; x_wconf 80' lang='lat' dir='ltr'><strong>eonstitui-</strong></span> 
     </span>
     <span class='ocr_line' id='line_1_27' title="bbox 72 2668 1028 2744; baseline -0.009 -13"><span class='ocrx_word' id='word_1_177' title='bbox 72 2675 178 2744; x_wconf 78' lang='lat' dir='ltr'><strong>diripit</strong></span> <span class='ocrx_word' id='word_1_178' title='bbox 190 2679 217 2730; x_wconf 84' lang='lat' dir='ltr'><strong>et</strong></span> <span class='ocrx_word' id='word_1_179' title='bbox 228 2675 367 2731; x_wconf 78' lang='lat' dir='ltr'><strong>incendit:</strong></span> <span class='ocrx_word' id='word_1_180' title='bbox 378 2677 419 2732; x_wconf 86' lang='lat' dir='ltr'><strong>ibi</strong></span> <span class='ocrx_word' id='word_1_181' title='bbox 429 2693 490 2732; x_wconf 82' lang='lat' dir='ltr'><strong>mn·</strong></span> <span class='ocrx_word' id='word_1_182' title='bbox 612 2679 672 2728; x_wconf 88' lang='lat' dir='ltr'><strong>tnr:</strong></span> <span class='ocrx_word' id='word_1_183' title='bbox 695 2679 720 2726; x_wconf 89' lang='lat' dir='ltr'><strong>et</strong></span> <span class='ocrx_word' id='word_1_184' title='bbox 743 2671 777 2726; x_wconf 89' lang='lat' dir='ltr'><strong>de</strong></span> <span class='ocrx_word' id='word_1_185' title='bbox 798 2671 921 2724; x_wconf 77' lang='lat' dir='ltr'><strong>obeliscis</strong></span> <span class='ocrx_word' id='word_1_186' title='bbox 942 2683 976 2722; x_wconf 87' lang='lat' dir='ltr'><strong>ac</strong></span> <span class='ocrx_word' id='word_1_187' title='bbox 993 2668 1028 2723; x_wconf 90' lang='lat' dir='ltr'><strong>de</strong></span> 
     </span>
     <span class='ocr_line' id='line_1_28' title="bbox 71 2738 922 2813; baseline -0.002 -15"><span class='ocrx_word' id='word_1_188' title='bbox 71 2745 230 2800; x_wconf 71' lang='lat' dir='ltr'><strong>erimantum</strong></span> <span class='ocrx_word' id='word_1_189' title='bbox 257 2743 378 2801; x_wconf 79' lang='lat' dir='ltr'><strong>Troiani</strong></span> <span class='ocrx_word' id='word_1_190' title='bbox 411 2761 490 2813; x_wconf 78' lang='lat' dir='ltr'><strong>repn-</strong></span> <span class='ocrx_word' id='word_1_191' title='bbox 611 2741 686 2795; x_wconf 85' lang='lat' dir='ltr'><strong>notis</strong></span> <span class='ocrx_word' id='word_1_192' title='bbox 702 2738 922 2809; x_wconf 74' lang='lat' dir='ltr'><strong>bimoylyphicis.</strong></span> 
     </span>
     <span class='ocr_line' id='line_1_29' title="bbox 71 2802 1029 2879; baseline -0.01 -13"><span class='ocrx_word' id='word_1_193' title='bbox 71 2819 128 2879; x_wconf 85' lang='lat' dir='ltr'><strong>rat,</strong></span> <span class='ocrx_word' id='word_1_194' title='bbox 142 2817 168 2866; x_wconf 89' lang='lat' dir='ltr'><strong>et</strong></span> <span class='ocrx_word' id='word_1_195' title='bbox 181 2811 352 2868; x_wconf 79' lang='lat' dir='ltr'><strong>decimestres</strong></span> <span class='ocrx_word' id='word_1_196' title='bbox 363 2813 491 2870; x_wconf 77' lang='lat' dir='ltr'><strong>indutias</strong></span> <span class='ocrx_word' id='word_1_197' title='bbox 566 2816 591 2869; x_wconf 82' lang='lat'><strong>5.</strong></span> <span class='ocrx_word' id='word_1_198' title='bbox 612 2809 792 2864; x_wconf 77' lang='lat' dir='ltr'><strong>Constantina</strong></span> <span class='ocrx_word' id='word_1_199' title='bbox 804 2811 876 2876; x_wconf 70' lang='lat' dir='ltr'><strong>Any.</strong></span> <span class='ocrx_word' id='word_1_200' title='bbox 895 2812 921 2860; x_wconf 91' lang='lat' dir='ltr'><strong>et</strong></span> <span class='ocrx_word' id='word_1_201' title='bbox 937 2802 1029 2872; x_wconf 76' lang='lat' dir='ltr'><strong>Sopor</strong></span> 
     </span>
     <span class='ocr_line' id='line_1_30' title="bbox 72 2871 1028 2941; baseline -0.013 -5"><span class='ocrx_word' id='word_1_202' title='bbox 72 2881 201 2936; x_wconf 83' lang='lat' dir='ltr'><strong>barbaris</strong></span> <span class='ocrx_word' id='word_1_203' title='bbox 219 2881 352 2935; x_wconf 87' lang='lat' dir='ltr'><strong>coneedit.</strong></span> <span class='ocrx_word' id='word_1_204' title='bbox 613 2879 765 2932; x_wconf 79' lang='lat' dir='ltr'><strong>Persarum</strong></span> <span class='ocrx_word' id='word_1_205' title='bbox 786 2893 836 2932; x_wconf 81' lang='lat' dir='ltr'><strong>rea</strong></span> <span class='ocrx_word' id='word_1_206' title='bbox 858 2874 967 2941; x_wconf 74' lang='lat' dir='ltr'><strong>frastra</strong></span> <span class='ocrx_word' id='word_1_207' title='bbox 994 2871 1028 2924; x_wconf 91' lang='lat' dir='ltr'><strong>de</strong></span> 
     </span>
    </p>

    <p class='ocr_par' dir='ltr' id='par_1_6' title="bbox 28 2941 1029 3155">
     <span class='ocr_line' id='line_1_31' title="bbox 28 2941 1029 3014; baseline -0.009 -13"><span class='ocrx_word' id='word_1_208' title='bbox 28 2953 53 3002; x_wconf 77' lang='lat'><strong>2.</strong></span> <span class='ocrx_word' id='word_1_209' title='bbox 72 2949 203 3004; x_wconf 82' lang='lat' dir='ltr'><strong>Francos</strong></span> <span class='ocrx_word' id='word_1_210' title='bbox 239 2947 421 3004; x_wconf 72' lang='lat' dir='ltr'><strong>demanium</strong></span> <span class='ocrx_word' id='word_1_211' title='bbox 455 2949 495 3004; x_wconf 90' lang='grc' dir='ltr'><strong>ΙΙ</strong></span> <span class='ocrx_word' id='word_1_212' title='bbox 609 2961 679 3014; x_wconf 80' lang='lat' dir='ltr'><strong>poce</strong></span> <span class='ocrx_word' id='word_1_213' title='bbox 692 2961 746 3013; x_wconf 73' lang='lat' dir='ltr'><strong>per</strong></span> <span class='ocrx_word' id='word_1_214' title='bbox 763 2945 871 3000; x_wconf 79' lang='lat' dir='ltr'><strong>litteras</strong></span> <span class='ocrx_word' id='word_1_215' title='bbox 883 2947 908 2996; x_wconf 89' lang='lat' dir='ltr'><strong>et</strong></span> <span class='ocrx_word' id='word_1_216' title='bbox 925 2941 1029 3008; x_wconf 75' lang='lat' dir='ltr'><strong>leontos</strong></span> 
     </span>
     <span class='ocr_line' id='line_1_32' title="bbox 71 3017 995 3088; baseline -0.014 -12"><span class='ocrx_word' id='word_1_217' title='bbox 71 3023 218 3076; x_wconf 68' lang='lat' dir='ltr'><strong>meantes</strong></span> <span class='ocrx_word' id='word_1_218' title='bbox 253 3017 358 3074; x_wconf 85' lang='lat' dir='ltr'><strong>obsidet</strong></span> <span class='ocrx_word' id='word_1_219' title='bbox 392 3019 433 3072; x_wconf 81' lang='lat' dir='ltr'><strong>et&#39;</strong></span> <span class='ocrx_word' id='word_1_220' title='bbox 452 3019 491 3072; x_wconf 85' lang='lat' dir='ltr'><strong>od</strong></span> <span class='ocrx_word' id='word_1_221' title='bbox 615 3019 709 3084; x_wconf 70' lang='lat' dir='ltr'><strong>agunt.</strong></span> <span class='ocrx_word' id='word_1_222' title='bbox 990 3077 995 3088; x_wconf 34' lang='lat'><strong><em>¹</em></strong></span> 
     </span>
     <span class='ocr_line' id='line_1_33' title="bbox 73 3079 1029 3155; baseline -0.012 -14"><span class='ocrx_word' id='word_1_223' title='bbox 73 3087 244 3142; x_wconf 82' lang='lat' dir='ltr'><strong>deditionem</strong></span> <span class='ocrx_word' id='word_1_224' title='bbox 261 3085 335 3152; x_wconf 81' lang='lat' dir='ltr'><strong>same</strong></span> <span class='ocrx_word' id='word_1_225' title='bbox 347 3085 490 3155; x_wconf 77' lang='lat' dir='ltr'><strong>cmnpeilit.</strong></span> <span class='ocrx_word' id='word_1_226' title='bbox 568 3089 593 3139; x_wconf 86' lang='grc'><strong>6.</strong></span> <span class='ocrx_word' id='word_1_227' title='bbox 611 3083 748 3150; x_wconf 73' lang='lat' dir='ltr'><strong>Intbnnqi</strong></span> <span class='ocrx_word' id='word_1_228' title='bbox 764 3097 828 3150; x_wconf 75' lang='lat' dir='ltr'><strong>qens</strong></span> <span class='ocrx_word' id='word_1_229' title='bbox 839 3079 1029 3134; x_wconf 79' lang='lat' dir='ltr'><strong>Alamanniae</strong></span> 
     </span>
    </p>

    <p class='ocr_par' dir='ltr' id='par_1_7' title="bbox 26 3146 1030 3286">
     <span class='ocr_line' id='line_1_34' title="bbox 26 3146 1030 3226; baseline -0.01 -17"><span class='ocrx_word' id='word_1_230' title='bbox 26 3164 50 3209; x_wconf 80' lang='grc'><strong>3.</strong></span> <span class='ocrx_word' id='word_1_231' title='bbox 72 3156 171 3210; x_wconf 80' lang='lat' dir='ltr'><strong>Gallos</strong></span> <span class='ocrx_word' id='word_1_232' title='bbox 203 3154 317 3210; x_wconf 78' lang='lat' dir='ltr'><strong>tributis</strong></span> <span class='ocrx_word' id='word_1_233' title='bbox 351 3169 492 3224; x_wconf 76' lang='lat' dir='ltr'><strong>oppressos</strong></span> <span class='ocrx_word' id='word_1_234' title='bbox 613 3153 646 3206; x_wconf 84' lang='lat' dir='ltr'><strong>in</strong></span> <span class='ocrx_word' id='word_1_235' title='bbox 667 3149 792 3217; x_wconf 84' lang='lat' dir='ltr'><strong>Raetiis,</strong></span> <span class='ocrx_word' id='word_1_236' title='bbox 819 3163 888 3218; x_wconf 84' lang='lat' dir='ltr'><strong>qnos</strong></span> <span class='ocrx_word' id='word_1_237' title='bbox 909 3146 1030 3226; x_wconf 65' lang='lat' dir='ltr'><strong>ponera</strong></span> 
     </span>
     <span class='ocr_line' id='line_1_35' title="bbox 73 3218 1029 3286; baseline -0.013 -7"><span class='ocrx_word' id='word_1_238' title='bbox 73 3225 171 3280; x_wconf 84' lang='lat' dir='ltr'><strong>lenore</strong></span> <span class='ocrx_word' id='word_1_239' title='bbox 188 3227 314 3278; x_wconf 83' lang='lat' dir='ltr'><strong>oonetar.</strong></span> <span class='ocrx_word' id='word_1_240' title='bbox 537 3253 539 3258; x_wconf 68' lang='lat'>,</span> <span class='ocrx_word' id='word_1_241' title='bbox 614 3221 727 3286; x_wconf 81' lang='lat' dir='ltr'><strong>bantur,</strong></span> <span class='ocrx_word' id='word_1_242' title='bbox 752 3236 770 3272; x_wconf 83' lang='lat' dir='ltr'><strong>a</strong></span> <span class='ocrx_word' id='word_1_243' title='bbox 793 3218 928 3274; x_wconf 78' lang='lat' dir='ltr'><strong>Romanis</strong></span> <span class='ocrx_word' id='word_1_244' title='bbox 957 3231 1029 3270; x_wconf 81' lang='lat' dir='ltr'><strong>coesi</strong></span> 
     </span>
    </p>
   </div>
   <div class='ocr_carea' id='block_1_6' title="bbox 27 3287 770 3362">
    <p class='ocr_par' dir='ltr' id='par_1_8' title="bbox 27 3287 770 3362">
     <span class='ocr_line' id='line_1_36' title="bbox 27 3287 770 3362; baseline -0.007 -17"><span class='ocrx_word' id='word_1_245' title='bbox 27 3298 51 3346; x_wconf 73' lang='lat'><strong>4.</strong></span> <span class='ocrx_word' id='word_1_246' title='bbox 74 3292 238 3348; x_wconf 77' lang='lat' dir='ltr'><strong>Coristontii</strong></span> <span class='ocrx_word' id='word_1_247' title='bbox 249 3291 323 3362; x_wconf 72' lang='lat' dir='ltr'><strong>Any.</strong></span> <span class='ocrx_word' id='word_1_248' title='bbox 339 3292 419 3346; x_wconf 83' lang='lat' dir='ltr'><strong>insen</strong></span> <span class='ocrx_word' id='word_1_249' title='bbox 436 3291 493 3346; x_wconf 88' lang='lat' dir='ltr'><strong>obe·</strong></span> <span class='ocrx_word' id='word_1_250' title='bbox 615 3287 770 3358; x_wconf 71' lang='lat' dir='ltr'><strong>fugatique.</strong></span> 
     </span>
    </p>
   </div>
   <div class='ocr_carea' id='block_1_7' title="bbox 7 3510 1031 3715">
    <p class='ocr_par' dir='ltr' id='par_1_9' title="bbox 7 3510 1031 3715">
     <span class='ocr_line' id='line_1_37' title="bbox 76 3510 1031 3593; baseline -0.018 -14"><span class='ocrx_word' id='word_1_251' title='bbox 76 3532 95 3578; x_wconf 83' lang='lat'><strong>3</strong></span> <span class='ocrx_word' id='word_1_252' title='bbox 115 3523 296 3593; x_wconf 84' lang='lat' dir='ltr'><strong>adsignantes</strong></span> <span class='ocrx_word' id='word_1_253' title='bbox 308 3522 360 3576; x_wconf 84' lang='lat' dir='ltr'><strong>lae.</strong></span> <span class='ocrx_word' id='word_1_254' title='bbox 373 3527 388 3574; x_wconf 84' lang='lat'>5</span> <span class='ocrx_word' id='word_1_255' title='bbox 401 3521 454 3575; x_wconf 89' lang='lat' dir='ltr'><strong>litt.</strong></span> <span class='ocrx_word' id='word_1_256' title='bbox 469 3522 512 3584; x_wconf 82' lang='lat'><strong>(10</strong></span> <span class='ocrx_word' id='word_1_257' title='bbox 525 3519 579 3574; x_wconf 84' lang='lat' dir='ltr'><strong>b‘tt.</strong></span> <span class='ocrx_word' id='word_1_258' title='bbox 591 3519 630 3584; x_wconf 83' lang='lat' dir='ltr'><strong>P)</strong></span> <span class='ocrx_word' id='word_1_259' title='bbox 647 3517 698 3572; x_wconf 87' lang='lat' dir='ltr'><strong>VP</strong></span> <span class='ocrx_word' id='word_1_260' title='bbox 738 3521 768 3570; x_wconf 87' lang='lat'><strong>11</strong></span> <span class='ocrx_word' id='word_1_261' title='bbox 789 3515 892 3568; x_wconf 91' lang='lat' dir='ltr'><strong>damna</strong></span> <span class='ocrx_word' id='word_1_262' title='bbox 908 3513 935 3566; x_wconf 91' lang='lat' dir='ltr'><em>V</em></span> <span class='ocrx_word' id='word_1_263' title='bbox 950 3510 973 3563; x_wconf 87' lang='lat' dir='ltr'><strong>si</strong></span> <span class='ocrx_word' id='word_1_264' title='bbox 994 3524 1031 3562; x_wconf 88' lang='lat' dir='ltr'><strong>na</strong></span> 
     </span>
     <span class='ocr_line' id='line_1_38' title="bbox 7 3582 1030 3660; baseline -0.018 -12"><span class='ocrx_word' id='word_1_265' title='bbox 7 3597 58 3660; x_wconf 57' lang='lat' dir='ltr'><strong>{qa</strong></span> <span class='ocrx_word' id='word_1_266' title='bbox 99 3599 133 3647; x_wconf 84' lang='lat'><strong>13</strong></span> <span class='ocrx_word' id='word_1_267' title='bbox 144 3591 226 3646; x_wconf 83' lang='lat' dir='ltr'><strong>dicta</strong></span> <span class='ocrx_word' id='word_1_268' title='bbox 246 3588 300 3642; x_wconf 87' lang='lat' dir='ltr'><strong>VP</strong></span> <span class='ocrx_word' id='word_1_269' title='bbox 333 3587 522 3658; x_wconf 89' lang='lat' dir='ltr'><strong>principiisV</strong></span> <span class='ocrx_word' id='word_1_270' title='bbox 554 3586 638 3642; x_wconf 89' lang='lat' dir='ltr'><strong>condi</strong></span> <span class='ocrx_word' id='word_1_271' title='bbox 651 3586 712 3656; x_wconf 82' lang='lat' dir='ltr'><strong>[loc.</strong></span> <span class='ocrx_word' id='word_1_272' title='bbox 726 3592 758 3642; x_wconf 85' lang='grc'><strong>34</strong></span> <span class='ocrx_word' id='word_1_273' title='bbox 771 3582 879 3653; x_wconf 79' lang='lat' dir='ltr'><strong>litth</strong></span> <span class='ocrx_word' id='word_1_274' title='bbox 917 3587 980 3634; x_wconf 80' lang='lat'><strong>180</strong></span> <span class='ocrx_word' id='word_1_275' title='bbox 1003 3591 1030 3630; x_wconf 90' lang='lat' dir='ltr'><strong>o-</strong></span> 
     </span>
     <span class='ocr_line' id='line_1_39' title="bbox 8 3655 554 3715; baseline -0.005 -3"><span class='ocrx_word' id='word_1_276' title='bbox 8 3659 211 3715; x_wconf 61' lang='lat' dir='ltr'><strong>rodomarium</strong></span> <span class='ocrx_word' id='word_1_277' title='bbox 228 3659 256 3713; x_wconf 88' lang='lat' dir='ltr'><strong><em>P</em></strong></span> <span class='ocrx_word' id='word_1_278' title='bbox 274 3655 505 3712; x_wconf 86' lang='lat' dir='ltr'><strong>chnodomarium</strong></span> <span class='ocrx_word' id='word_1_279' title='bbox 528 3655 554 3709; x_wconf 83' lang='lat' dir='ltr'><em>V</em></span> 
     </span>
    </p>
   </div>
   <div class='ocr_carea' id='block_1_8' title="bbox 0 0 1220 3928">
    <p class='ocr_par' dir='ltr' id='par_1_10' title="bbox 0 0 1220 3928">
     <span class='ocr_line' id='line_1_40' title="bbox 0 0 1220 3928; baseline 0 1"><span class='ocrx_word' id='word_1_280' title='bbox 0 0 1220 3928; x_wconf 95' lang='lat' dir='ltr'><strong> </strong></span> 
     </span>
    </p>
   </div>
  </div>
 </body>
</html>
