2430 3928
145 175 187 240 94
492 171 557 226 XVI
576 178 616 239 10,
636 178 667 227 17
686 203 718 214 -
737 179 777 239 11,
795 177 811 226 e

147 315 332 402 strauimus,
354 316 522 402 respondit
545 320 617 382 astu
643 317 760 402 gentili
784 316 877 381 ‘ante'
892 315 998 400 inquit
1019 314 1151 400 ‘impera
1199 292 1201 313 Ι

145 412 199 472 tor
213 406 379 472 stabulum
401 407 469 470 tale
493 407 588 472 condi
610 407 731 490 iubeto,
754 407 783 470 si
806 406 913 471 uales:
938 427 1045 490 equus,
1068 427 1151 490 quem
1202 425 1203 470 1

146 496 306 561 fabricare
321 497 476 581 disponis,
499 496 547 561 ita
569 496 636 561 late
651 496 810 580 succedat,
834 501 871 560 ut
894 496 957 560 iste
971 517 1065 578 quem
1076 495 1152 558 uide-

146 587 236 650 mus'.
281 586 309 650 is
332 587 402 670 ipse
425 585 646 671 interrogatus
671 586 748 671 quid
771 586 809 650 de
831 584 939 650 Roma
961 585 1094 648 sentiret
1124 583 1150 648 id

146 680 275 740 tantum
289 675 353 740 sibi
366 676 527 759 placuisse
542 675 664 760 aiebat,
689 675 774 760 quod
797 674 963 739 didicisset
977 673 1024 738 ibi
1039 695 1170 757 quoquot

146 764 294 829 homines
322 765 415 830 mori.
464 767 513 830 17.
550 765 662 830 multis
693 765 796 850 igitur
825 785 898 828 cum
926 767 1057 846 stupore
1083 762 1151 826 uisis
1204 777 1205 814 ὲ

146 853 307 919 horrendo
321 855 499 938 imperator
518 855 553 918 in
575 855 663 919 fama
678 854 873 941 querebatur
886 857 923 916 ut
945 851 1090 917 inualida
1109 851 1152 916 uel

146 944 305 1028 maligna,
338 944 424 1028 quod
452 964 573 1028 augens
602 945 712 1009 omnia
740 961 867 1026 semper
893 942 929 1006 in
954 941 1059 1006 maius
1086 961 1153 1024 erga
1204 955 1205 993 ὲ

146 1029 226 1096 haec
250 1033 441 1116 explicanda
469 1056 550 1118 quae
572 1033 697 1100 Romae
725 1037 801 1098 sunt
829 1031 1020 1096 obsolescit:
1049 1029 1153 1094 deliba
1204 1079 1205 1082 ¹

146 1143 285 1206 rarisque
309 1122 363 1186 diu
377 1123 454 1204 quid
476 1127 595 1207 ageret,
617 1123 708 1188 urbis
728 1123 844 1188 addere
868 1121 985 1186 statuit
999 1140 1180 1184 ornamen-ii
1204 1137 1205 1141 ’

147 1210 201 1294 tis,
223 1215 261 1275 ut
283 1211 318 1275 in
339 1212 481 1276 maximo
506 1213 590 1278 circo
615 1214 755 1298 erigeret
778 1210 966 1293 obeliscum,
989 1209 1081 1274 cuius
1102 1209 1154 1273 ori·
1204 1227 1205 1232 ’

148 1301 257 1384 ginem
280 1300 482 1386 formamque
506 1303 578 1366 loco
602 1301 788 1386 conpetenti
810 1300 1010 1364 monstrabo.

238 1390 288 1456 18.
297 1389 387 1456 Inter
400 1390 481 1456 haee
489 1391 633 1456 Helenae
648 1391 753 1457 sorori
763 1389 945 1471 Constanti,
959 1387 1081 1452 Iuliani
1094 1409 1154 1452 con-
1204 1421 1205 1426 κ

146 1479 216 1563 iugi
239 1477 397 1565 Caesaris,
414 1479 554 1546 Romam
573 1481 764 1546 adfectionis
789 1479 895 1564 specie
915 1478 1031 1542 ductae
1054 1477 1155 1562 regina
1204 1513 1205 1534 r

146 1572 224 1632 tunc
247 1569 463 1634 insidiabatur
481 1570 633 1654 Eusebia,
656 1572 730 1654 ipsa
746 1569 859 1654 ,quoad
881 1567 1011 1634 uixerat
1036 1566 1154 1648 sterilis,
1166 1588 1182 1628 1⁵

148 1657 393 1743 quaesitumque
417 1681 576 1724 uenenum
599 1661 711 1727 bibere
732 1681 790 1744 per
813 1657 960 1722 fraudem
982 1655 1106 1740 inlexit,
1125 1663 1156 1718 ut
1204 1653 1205 1656 ’

148 1746 435 1832 quotienscumque
459 1750 669 1834 concepisset,
701 1751 901 1814 inmaturum
924 1745 1069 1811 abiceret
1095 1767 1155 1832 par-

146 1839 226 1898 tum.
249 1835 298 1900 19.
312 1858 388 1900 nam
403 1841 436 1902 et
450 1838 575 1921 pridem
589 1839 624 1902 in
634 1839 760 1922 Galliis,
775 1859 848 1904 cum
862 1857 985 1900 marem
999 1835 1156 1918 genuisset
1204 1859 1205 1864 ¹

147 1922 319 2007 infantem,
349 1924 411 1990 hoc
433 1927 575 2010 perdidit
598 1929 688 2013 dolo,
716 1929 801 2014 quod
825 1925 985 1991 obstetrix
1014 1927 1156 2009 corrupta
1204 1979 1205 1985 ,

146 2013 292 2077 mercede
315 2037 390 2080 mox
416 2020 530 2080 natum
553 2023 720 2100 praesecto
748 2017 821 2102 plus
846 2036 943 2099 quam
971 2017 1157 2078 conuenerat
1167 2035 1205 2073 a

146 2102 302 2167 umbilico
326 2105 469 2169 necauit:
492 2110 586 2170 tanta
608 2112 740 2192 tamque
755 2107 894 2190 diligens
910 2125 1009 2187 opera
1027 2103 1158 2168 nauaba·

146 2194 209 2276 tur,
231 2214 272 2256 ne
295 2193 467 2258 fortissimi
488 2195 554 2260 uiri
577 2196 707 2262 soboles
731 2197 911 2280 appareret.

190 2358 191 2362 Ἰ
236 2281 435 2367 acceptans
445 2285 555 2370 itaque
566 2283 949 2370 augustissimaomnium
959 2281 1035 2348 sede
1046 2282 1158 2347 morari

146 2370 267 2436 diutius
282 2373 469 2457 imperator,
485 2379 523 2440 ut
537 2375 605 2440 otio
619 2376 750 2459 puriore
764 2375 925 2438 frueretur
940 2375 973 2436 et
986 2372 1158 2456 uoluptate,
1204 2429 1205 2435 ,

146 2461 288 2525 adsiduis
310 2464 434 2527 nuntiis
458 2465 641 2530 terrebatur
664 2469 697 2530 et
720 2465 828 2548 certis,
850 2461 1072 2526 indicantibus
1092 2461 1205 2528 sue-a,

145 2547 205 2612 bos
219 2548 353 2614 Raetias
377 2552 550 2636 incursare,
573 2553 766 2639 Quadosque
780 2552 958 2634 Valeriam,
982 2555 1016 2616 et
1041 2549 1160 2616 Sarma·
1204 2607 1205 2614 ,

145 2641 197 2700 tas
225 2638 443 2704 latrocinandi
470 2641 705 2725 peritissimum
729 2664 830 2727 genus
855 2642 1056 2724 superiorem
1081 2639 1160 2704 Moe·
1204 2669 1205 2704 2

146 2726 228 2792 siam
243 2731 275 2792 et
298 2729 471 2794 secundam
484 2730 633 2813 populari
648 2732 864 2797 Pannoniam:
888 2731 1004 2814 quibus
1021 2731 1159 2813 percitus

144 2816 332 2882 tricensimo
360 2822 536 2902 postquam
562 2820 729 2905 ingressus
759 2827 809 2886 est
837 2821 888 2886 die
917 2823 1072 2904 quartum
1087 2818 1160 2882 lral.

145 2903 254 2971 lunias
279 2908 319 2972 ab
343 2908 423 2972 urbe
446 2909 611 2992 profectus
638 2933 696 2994 per
720 2910 912 2976 Tridentum
941 2910 1004 2974 iter
1027 2909 1064 2974 in
1087 2907 1189 2991 Illyu

144 2994 248 3060 ricum
270 2997 448 3062 festinauit.
476 3000 529 3063 21.
552 3000 635 3063 unde
659 3001 759 3064 misso
772 3000 808 3064 in
822 2999 930 3064 locum
944 2997 1098 3063 Marcelli
1113 2997 1160 3062 Se·

144 3105 221 3148 uero
237 3086 399 3150 bellorum
413 3111 473 3152 usu
497 3093 529 3152 et
552 3089 742 3154 maturitate
766 3089 895 3152 firmato
910 3086 1101 3152 Vrsicinum
1124 3087 1160 3150 ad

146 3193 179 3236 se
190 3175 300 3238 uenire
314 3177 488 3260 praecepit.
513 3181 546 3241 et
560 3177 617 3241 ille
632 3178 754 3242 litteris
765 3180 934 3262 gratanter
945 3178 1090 3262 acceptis
1102 3176 1162 3250 Sir·

212 3372 225 3420 1
245 3367 308 3420 astu
324 3366 450 3424 Valesius
468 3369 569 3438 agustu
586 3368 612 3422 V
644 3375 660 3423 5
678 3369 852 3438 displicuisse
869 3369 995 3424 Valesius
1013 3375 1038 3423 et
1056 3370 1161 3424 Gibboa

144 3435 226 3503 1Vp.
239 3439 294 3490 296
329 3436 391 3490 tin
411 3437 591 3490 Gramatasi
613 3437 681 3492 VPb
699 3437 733 3490 de
748 3438 801 3492 Gn
836 3437 995 3508 8maligna
1013 3443 1036 3490 A
1058 3453 1161 3516 magna

147 3503 233 3574 1⁷qu
293 3511 324 3558 10
343 3505 412 3572 quid
430 3505 481 3574 tqu
498 3519 550 3558 oua
571 3504 624 3558 VP
693 3505 1160 3575 11maximoVatesa'asprox1mo

147 3569 250 3640 VPbpa
304 3579 334 3626 13
353 3589 475 3628 sororem
498 3573 551 3628 VP
603 3579 636 3627 25
653 3573 815 3628 incertislr*
867 3579 900 3628 26
918 3573 1090 3642 Quadosque
1111 3573 1161 3627 Gal

144 3639 308 3708 quodusque
331 3641 382 3696 VP
450 3649 483 3697 30
500 3641 691 3696 trideuumV
