2530 3922
308 177 564 235 CONSTANTIVS
581 179 629 236 ET
648 179 789 237 GALLVS
807 189 858 240 354
1047 187 1089 252 41

75 319 146 383 dam
161 325 369 404 peremptum
384 319 591 388 Constantini
613 323 717 388 filium
734 325 917 408 accepimus
932 323 1094 411 Crispum.

74 410 124 472 21.
135 413 169 472 et
180 431 255 472 curn
269 409 317 474 ibi
332 417 517 476 seruaretur
527 413 690 477 artissime
704 419 828 479 terrore
842 415 1092 500 propinquantis

74 497 165 562 exitii
189 497 258 562 iam
270 501 507 585 praesepultus,
531 503 670 566 accurrit
683 502 845 569 Eusebius
861 504 1001 569 cubiculi
1014 509 1092 570 tunc

73 586 280 670 praepositus
288 587 528 674 Pentadiusque
542 592 690 655 notarius
705 596 738 655 et
747 591 973 657 Mallobaudes
989 615 1093 659 arma·

50 681 222 741 sturarum
256 677 406 742 tribunus
438 679 528 744 iussu
559 681 766 763 imperatoris
797 681 986 765 conpulsuri
1018 705 1093 747 eum

74 765 275 848 singillatim
303 767 431 851 docere,
465 791 562 852 quam
590 769 631 834 ob
661 773 791 835 causa'm
820 791 978 856 quemque
1006 772 1092 855 apud

73 853 287 920 Antiochiam
304 860 494 921 necatorum
512 857 652 922 iusserat
670 859 835 923 trucidari.
881 860 932 923 22.
952 860 1090 945 adquae

73 943 238 1008 Adrasteo
252 943 379 1027 pallore
401 947 552 1030 perfusus
575 947 731 1012 hactenus
756 948 861 1012 ualuit
884 948 982 1032 loqui,
1006 949 1092 1034 quod

74 1032 250 1117 plerosque
282 1035 439 1100 incitante
472 1036 608 1120 coniuge
641 1037 839 1120 iugulauerit
866 1035 1094 1122 Constantina,

41 1123 231 1205 uignorans
254 1123 400 1206 profecto
416 1125 636 1189 Alexandrum
659 1124 816 1209 Magnum
839 1127 970 1209 urgenti
992 1126 1092 1190 matri

74 1217 107 1274 ut
131 1211 299 1277 occideret
322 1213 491 1298 quendam·
505 1213 680 1297 insontem,
709 1219 742 1278 ct
765 1213 930 1278 dictitanti
953 1237 1009 1298 spe
1033 1215 1091 1278 im·

74 1300 225 1384 patrandi
253 1305 368 1384 postea
391 1325 473 1386 quae
496 1303 597 1367 uellet
625 1325 697 1366 eum
721 1323 755 1367 se
782 1324 840 1386 per
862 1325 980 1368 nouem
1005 1325 1091 1368 men-

76 1411 122 1452 ses
146 1392 245 1454 utero
268 1395 416 1474 portasse
439 1395 687 1476 praegnantem,
714 1393 762 1456 ita
784 1392 991 1474 respondisse
1018 1415 1092 1475 pru-

75 1478 188 1542 denter
211 1478 330 1563 ‘aliam,
352 1501 470 1564 parcns
494 1481 631 1564 optima,
654 1502 750 1564 posce
774 1480 966 1563 mercedem3
989 1481 1092 1544 homi·

43 1567 122 1631 suis
143 1567 236 1631 enim
255 1568 344 1633 salus
358 1569 515 1634 beneficio
534 1570 626 1634 nullo
645 1570 822 1652 pensatur'.
868 1569 921 1633 23.
941 1589 1004 1653 quo
1019 1591 1091 1634 con·

75 1659 167 1738 perto
193 1657 409 1722 inreuocabili
430 1658 480 1723 ira
502 1659 652 1742 princeps
675 1659 816 1742 percitus
841 1661 874 1722 et
887 1657 999 1722 dolore
1013 1657 1092 1722 fidu-

76 1745 157 1808 ciam
188 1765 319 1810 omnem
349 1747 531 1812 fundandae
560 1747 745 1813 securitatis
778 1747 812 1812 in
842 1747 954 1812 eodem
981 1747 1092 1832 posuit

76 1834 248 1898 abolendo.
284 1839 318 1900 et
340 1837 439 1902 misso
465 1835 652 1920 sereniano,
675 1857 770 1920 quom
793 1837 827 1900 in
850 1837 972 1900 crimen
994 1837 1091 1900 maie-

77 1924 172 1988 statis
196 1927 349 1989 uooatum
376 1925 564 2010 praestigiis
589 1923 781 2010 quibusdam
809 1926 997 1990 absolutum
1020 1947 1093 1989 esse

42 2035 174 2095 usupra
197 2015 465 2099 monstrauimus,
492 2014 650 2079 Pentadio
675 2015 753 2099 quin
779 2015 879 2079 etiam
906 2014 1034 2079 notario
1059 2018 1093 2077 et

76 2101 258 2184 Apodemio
283 2109 400 2187 agente
423 2104 458 2168 in
480 2104 587 2188 rebus,
610 2126 683 2168 eum
707 2103 841 2187 capitali
864 2103 1023 2187 supplicio
1040 2103 1092 2166 de-

77 2191 222 2271 stinanit,
255 2195 289 2255 et
320 2192 368 2258 ita
391 2193 566 2278 conligatis
595 2192 746 2257 manibus
778 2193 812 2256 in
844 2193 975 2256 modum
1001 2190 1093 2256 noxii

77 2279 245 2343 cuiusdam
267 2280 405 2346 latronis
429 2283 553 2346 ceruice
577 2281 705 2346 abscisa
728 2286 901 2365 ereptaque
924 2281 1035 2344 uultus
1059 2282 1093 2342 et

76 2369 194 2452 capitis
218 2365 381 2454 dignitate
408 2371 545 2436 cadauer
573 2376 623 2436 est
650 2370 800 2436 relictum
827 2369 965 2434 informe
993 2368 1091 2452 paulo

43 2483 63 2522 a
77 2463 150 2521 ante
166 2458 305 2524 urbibus
320 2463 353 2524 et
366 2453 545 2544 prouinciis
558 2459 777 2524 formidatum.
800 2460 853 2524 24.
868 2456 925 2521 sed
939 2455 1095 2540 uigilauit

77 2546 252 2630 utrubique
276 2550 407 2632 superni
429 2549 572 2613 numinis
596 2549 752 2635 aequitas.
797 2569 873 2612 nam
904 2549 938 2609 et
961 2544 1095 2608 Gallum

77 2641 168 2699 actus
197 2655 389 2719 oppressere
417 2637 575 2721 crudeles,
609 2643 642 2702 et
673 2659 739 2702 non
766 2637 820 2701 diu
852 2638 968 2720 postea
996 2634 1092 2698 ambo

76 2724 247 2804 cruciabili
269 2731 373 2790 morte
397 2727 562 2810 absumpti
591 2731 676 2810 sunt,
699 2727 755 2811 qui
778 2747 852 2790 eum
879 2725 957 2790 licet
978 2744 1094 2788 nocen-

76 2819 141 2875 tem
165 2812 321 2878 blandius
344 2816 515 2900 palpantes
529 2817 682 2900 periuriis
706 2816 746 2880 ad
769 2836 870 2898 usque
893 2814 1010 2897 plagas
1024 2832 1095 2907 per·

42 2901 196 2966 adurere
226 2902 351 2968 letales.
402 2927 539 2990 quorum
567 2905 696 2971 Scudilo
724 2903 947 2969 destillatione
977 2900 1093 2997 iecoms

76 2990 249 3071 pulmones
272 2993 435 3058 uomitans
459 2994 593 3078 interiit,
615 2994 782 3077 Barbatio,
806 2991 862 3075 qui
885 2990 919 3053 in
933 3008 1006 3087 eun}
1028 3003 1095 3048 ram

75 3077 130 3142 diu
153 3077 241 3144 falsa
265 3089 480 3166 conposuerat
502 3083 647 3166 crimina,
670 3103 742 3146 cum
766 3103 805 3145 ex
828 3076 1019 3160 magisterro
1042 3091 1095 3155 pe-

75 3166 181 3232 ditum
204 3169 305 3234 altius
328 3172 391 3236 niti
409 3172 610 3256 quorundam
634 3170 773 3234 susurris
800 3166 1016 3245 incusaretur,
1042 3160 1095 3222 da-

78 3371 292 3384 -——.—

146 3499 379 3556 4mellobaudes
397 3501 474 3556 codd.
511 3507 527 3557 t
546 3497 759 3570 compulserit}
776 3492 905 3570 conpulsi
920 3489 972 3542 VP
1005 3484 1098 3540 loire

81 3579 129 3620 vlo·
146 3569 179 3638 bo
248 3575 282 3624 20
300 3585 387 3638 supra
404 3583 454 3622 orn.
472 3570 525 3641 bpo
593 3575 625 3624 27
645 3567 725 3621 actus
746 3563 814 3619 VPr
832 3559 912 3614 obrtu
930 3555 980 3623 upa
1047 3568 1096 3621 op-

81 3649 172 3700 presse
193 3636 247 3692 VP
319 3642 350 3690 31
369 3637 425 3690 iam
445 3652 495 3692 ors.
516 3639 567 3708 bpu
637 3639 670 3689 33
688 3629 882 3686 incursaretur
902 3621 929 3674 V
