2430 3928
164 222 205 289 86
536 219 806 289 xvir,e-e,s

163 365 293 430 uiuendi
316 366 560 450 sollertiamque
585 364 786 447 ostendebat,
809 363 929 430 litteris
945 367 1095 448 quantum
1111 364 1160 427 tali
1208 378 1209 448 j

162 455 312 520 fortunae
342 455 422 520 satis
452 477 521 519 esse
549 457 679 538 poterat
707 454 866 537 eruditus,
900 453 1064 538 cogitandi
1089 454 1160 517 iuue-
1204 469 1209 516 ,1

162 543 335 628 niendique
368 543 467 609 dubia
494 548 528 608 et
559 543 750 628 scrupulosa
782 543 929 608 acumine
956 543 1056 608 nimio
1086 565 1161 625 prae·
1208 558 1209 594 1

163 637 263 718 stans,
277 633 459 698 inmensum
474 637 632 718 quantum
645 632 803 698 memoris
816 633 941 717 uigens,
960 632 1162 706 benefaciendi

163 722 276 787 auidus
298 723 478 807 plenusque
501 723 580 788 iusti
603 723 746 807 consilii,
771 745 867 808 quem
889 723 918 788 si
940 720 1096 788 Constans
1117 721 1178 784 1111
1208 771 1209 774 ,

161 815 294 896 perator
317 813 398 877 olim
421 835 460 877 ex
484 813 595 878 adulto
612 862 707 877 ......
722 813 850 897 iamque
873 816 1038 877 maturum
1055 810 1162 876 audiret

162 901 302 966 honesta
316 903 504 967 suadentem
527 906 560 967 et
578 907 676 986 recta,
698 903 791 967 nulla
805 901 857 967 uel
872 901 968 967 uenia
982 905 1068 966 certe
1078 901 1163 984 digua

162 995 336 1074 peccasset.
361 992 390 1056 6.
409 993 437 1056 is
452 992 657 1076 praepositus
673 992 813 1056 cubiculi
832 991 932 1056 etiam
946 991 1107 1056 Iulianum
1119 988 1164 1053 ali-
1208 1041 1209 1046 ,

164 1080 313 1164 quotiens
338 1081 523 1164 corrigebat
535 1080 693 1146 Asiaticis
709 1081 863 1146 coalitum
878 1081 1024 1147 moribus
1047 1080 1163 1161 ideoque

163 1169 277 1232 leuem.
308 1169 443 1254 denique
458 1170 621 1254 digressus
646 1170 686 1235 ad
709 1171 813 1235 otium
837 1171 1044 1254 adscitusque
1068 1173 1188 1253 posteri¹

163 1257 199 1321 in
229 1258 390 1341 palatium
417 1281 544 1343 semper
571 1261 699 1324 sobrius
728 1264 761 1324 et
792 1261 828 1324 in
857 1259 973 1344 primis
1003 1259 1163 1324 consistens
1208 1297 1209 1302 κ

162 1348 211 1412 ita
238 1347 336 1412 fidem
359 1349 656 1434 continentiamque
685 1350 823 1415 uirtutes
853 1349 955 1414 coluit
978 1347 1114 1433 amplas,
1136 1351 1164 1410 ut
1208 1404 1209 1407 ,

162 1459 222 1502 111
244 1438 425 1520 prodidisse
449 1439 624 1524 aliquando
649 1450 810 1521 arcanum
835 1439 900 1504 nisi
922 1439 1062 1504 tuendae
1085 1459 1164 1502 eausa
1208 1477 1209 1480 =

165 1526 288 1592 alienae
317 1529 447 1612 salutis,
478 1551 538 1593 nec
567 1529 725 1594 exarsisse
754 1528 902 1612 cupidine
934 1529 1008 1611 plus
1041 1525 1165 1592 habendi

166 1621 379 1681 arcesseretm·
402 1621 438 1681 ut
462 1618 571 1683 ceteri.
600 1619 628 1682 7.
651 1617 734 1682 unde
757 1617 881 1683 factum
902 1621 1025 1702 estut
1048 1615 1165 1682 subinde
1176 1635 1209 1674 1

163 1701 302 1769 Romam
331 1707 479 1771 secedens
512 1707 622 1791 ibique
654 1707 718 1792 fixo
748 1701 913 1772 domicilio
942 1726 1166 1786 consenescens,

163 1795 316 1858 comitem
343 1795 583 1861 circumferens·
599 1797 981 1862 conscientiambonam
1009 1797 1167 1861 colatura
1208 1852 1209 1859 ,

164 1883 287 1947 cunctis
315 1884 481 1950 ordinibus
515 1890 548 1950 et
581 1891 719 1969 ametur,
752 1908 825 1950 cum
853 1887 981 1951 soleant
1013 1886 1049 1950 id
1081 1905 1166 1970 genus
1208 1935 1209 1938 ,

48 2005 52 2012 ·
162 1971 310 2037 homines
342 1978 418 2056 post
448 1979 559 2058 partas
593 1997 633 2039 ex
664 1975 838 2059 iniquitate
871 1975 1004 2040 diuitias
1038 1975 1168 2040 latebras
1208 2016 1209 2039 1

164 2065 294 2144 captare
326 2067 479 2146 secretas,
516 2069 553 2128 ut
589 2064 753 2148 lucifugae
785 2065 929 2130 uitantes
961 2063 1209 2150 multitudinisu

162 2150 271 2216 laesae
286 2157 485 2238 conspectus.
510 2154 538 2218 8.
558 2153 610 2218 cui
629 2154 808 2238 spadonum
830 2159 977 2219 ueterum
1000 2155 1087 2220 hunc
1109 2174 1170 2217 cou-
1208 2217 1209 2220 ,

162 2261 277 2323 parare
311 2241 445 2306 debeam
478 2243 691 2327 antiquitates
712 2243 905 2328 replicando
935 2243 1107 2326 conplures
1132 2243 1170 2304 in-
1208 2305 1209 2308 ,

163 2330 274 2394 uenire
295 2353 368 2416 *non
394 2331 497 2415 potui.
547 2332 679 2398 fuerunt
706 2333 794 2396 enim
827 2333 912 2417 apud
943 2337 1074 2398 ueteres
1105 2331 1171 2396 lieet

165 2419 283 2504 oppido
312 2421 407 2504 pauci
435 2421 546 2488 fideles
576 2425 609 2487 et
637 2422 726 2506 frugi
754 2422 810 2487 sed
839 2424 880 2488 ob
910 2423 1069 2508 quaedam
1100 2420 1171 2486 uitia

164 2509 330 2574 maculosi.
375 2511 462 2592 inter
484 2511 659 2594 praecipua
682 2512 780 2595 11111,
804 2533 885 2596 quae
909 2533 1022 2576 eorum
1046 2513 1171 2597 quisque
1182 2529 1196 2568 s

163 2596 270 2660 studio
293 2599 484 2680 possederat
505 2600 570 2664 uel
587 2599 733 2684 ingenio,
761 2605 817 2666 aut
839 2616 941 2686 rapax
965 2607 1022 2666 aut
1050 2601 1172 2666 feritate

164 2686 359 2750 contemtior
372 2686 436 2752 fuit
455 2693 511 2753 aut
529 2691 721 2772 propensior
735 2691 776 2754 ad
795 2691 996 2776 laedendum,
1018 2691 1073 2756 uel
1088 2690 1172 2756 clien—
1208 2733 1209 2760 ;

162 2773 251 2839 tibus
274 2775 414 2841 nimium·
434 2777 591 2863 blandus‚-
613 2783 670 2844 aut
696 2780 864 2864 potentiae
887 2780 975 2846 fastu
998 2779 1173 2864 superbior:
1208 2825 1209 2848 2

164 2885 203 2928 ex
227 2864 316 2930 omni
338 2866 440 2931 latere
464 2871 573 2932 autem
596 2868 644 2932 ita
665 2869 846 2952 perfeetum
867 2892 971 2954 neque
995 2870 1116 2954 legisse
1129 2888 1172 2932 me
1208 2903 1209 2940 1

162 2975 266 3037 neque
289 2955 416 3021 audisse
440 2957 604 3042 confiteor,
628 2959 746 3023 aetatis
769 2964 900 3024 nostrae
923 2959 1200 3024 1111111111111-11

164 3043 286 3126 eupleti
309 3045 457 3110 confisus.
481 3047 642 3131 91111111
666 3048 694 3112 si
716 3048 802 3113 forte
817 3049 1025 3132 scrupulosus
1050 3049 1174 3134 quidam

163 3131 267 3195 lector
299 3133 533 3218 antiquitatum
561 3135 786 3220 Menophilum
816 3137 1019 3204 Mithridatis
1051 3136 1175 3204 Pontici

233 3348 267 3402 *2
281 3350 419 3407 eruditius
435 3354 462 3406 V
492 3355 620 3425 4bigeus
636 3355 688 3408 VP
722 3361 737 3408 6
750 3355 847 3409 adulto
861 3355 965 3424 [11114
977 3357 1041 3428 uu]
1054 3355 1176 3426 Tamque

167 3415 220 3470 VP
237 3419 396 3475 euueuduur't
416 3421 542 3477 Valesius
560 3423 657 3476 adulto
676 3441 688 3476 s
711 3425 829 3476 ectasset
848 3423 987 3494 pluraque
1005 3428 1112 3494 tanqua
1130 3427 1176 3494 bpu

165 3489 196 3538 11
214 3488 345 3567 constans
361 3489 487 3568 Valesius
530 3498 559 3543 21
580 3491 673 3544 laesae
686 3441 738 3560 ipa
754 3491 833 3545 lassu
849 3492 900 3546 VP
943 3499 980 3572 22·
995 3493 1055 3548 anti
1074 3494 1176 3572 uitates

163 3569 268 3698 idiipdd
285 3557 645 3682 agilbliiidiiliiisciliiiesius
651 3560 846 3707 2ligfd1idierirub¹⁵
852 3559 1179 3699 Vii'libuililigtentibirbgil

162 3687 312 3747 licenbbus
330 3693 430 3764 Haupt
499 3701 531 3750 29
548 3695 707 3766 perfeetum
723 3696 823 3764 scripse
839 3695 964 3764 peritum
982 3697 1060 3756 codd.
