2430 3928
152 163 214 228 104
537 158 603 214 ΠΙ
623 163 662 226 11,
680 163 780 214 aa-n

149 303 209 372 bat
238 304 464 389 ‘exsurgamus
493 303 557 368 uiri
584 302 701 368 fortes:
727 301 950 388 propellamus
978 297 1166 366 fortitudine

151 413 295 479 congrua
317 393 416 460 inlisa
439 391 561 458 nostris
583 391 734 477 partibus
761 390 897 475 probra:
925 411 1007 476 quae
1031 391 1167 455 contem-

149 483 244 568 plans
251 481 527 550 Caesarisnomen
535 481 716 548 cunctando
727 479 876 565 suscepi'.
890 480 942 546 33.
953 500 1167 566 quoscumque

151 577 261 652 autem
287 591 416 656 pugnae
441 572 573 657 signum
598 571 781 636 inconsulte
808 574 980 655 poscentes
1002 571 1168 652 rupturos-

152 684 214 747 que
238 661 410 746 imperium
431 661 622 746 inrequietis
637 661 780 726 motibus
803 660 1009 744 praeuideret
1022 657 1185 742 ‘quaeso‘r

151 751 259 836 inquit
286 751 339 816 ‘ne
367 750 481 816 hostes
508 749 682 814 uertendos
710 749 745 812 in
771 748 886 833 fugam
909 751 1081 832 sequentes
1107 747 1168 812 aui-

151 839 223 906 dius
246 840 376 905 futurae
399 839 573 925 uictoriae,
581 838 721 922 gloriam
744 837 891 923 uiolatis,
913 860 976 903 neu
999 835 1071 921 quis
1096 841 1169 900 ants

152 929 382 995 necessitatem
417 921 570 993 ultimam
602 927 704 992 cedat.
748 949 825 992 nam
856 927 1020 1012 fugituros
1058 926 1169 1008 procul

152 1017 250 1084 dubio
266 1017 422 1099 deseram,
435 1016 581 1082 hostium
594 1022 690 1102 terga
704 1017 846 1082 caesuris
857 1017 954 1082 adero
968 1015 1170 1096 indiscretus

129 1107 182 1184 „si
203 1107 266 1172 hoo
288 1106 480 1190 pensatione
502 1107 671 1172 moderata
693 1106 753 1171 fiat
775 1111 808 1171 et
832 1106 948 1171 cauta'.
1182 1125 1196 1162 e

242 1196 295 1260 34.
313 1194 403 1260 Haec
417 1195 545 1280 aliaque
559 1195 595 1261 in
617 1196 753 1260 eundem
768 1195 898 1260 modurn
923 1194 1053 1279 saepius
1076 1193 1171 1278 repli-

152 1285 254 1351 cando
283 1284 441 1349 maiorem
469 1284 629 1350 exercitus
655 1288 785 1370 partem
810 1285 934 1368 primae
957 1283 1171 1348 barbarorum

153 1374 307 1458 opposuit
328 1373 444 1458 fronti,
472 1377 506 1438 et
529 1374 637 1440 subito
660 1373 920 1440 Alamannorum
941 1372 1091 1457 peditum
1116 1371 1171 1435 fre

151 1463 252 1528 mitus
279 1463 500 1548 indignationi
531 1464 653 1528 mixtus
682 1463 810 1530 auditus
844 1467 894 1530 est
920 1461 1070 1528 unanimi
1104 1483 1172 1526 con-

152 1553 331 1637 spiratione
353 1553 603 1618 uocifcrantium
625 1553 750 1618 relictis
773 1553 865 1637 equis
889 1573 998 1617 secum
1020 1555 1199 1635 oporteres

152 1641 278 1709 uersari
294 1642 432 1725 regales,
445 1664 496 1726 ne,
511 1642 618 1726 siquid
633 1643 826 1726 contigisset
841 1642 1022 1726 aduersum,
1046 1640 1173 1706 deserta

154 1730 337 1794 miserabili
358 1731 454 1813 plebe
477 1731 608 1795 facilem
629 1731 815 1797 discedendi
835 1731 964 1815 copiam
984 1730 1172 1814 reperirent.

154 1818 206 1884 35.
219 1817 345 1902 hocque
355 1823 510 1903 conperto
522 1817 801 1888 Chonodomarius
815 1821 959 1889 iumento
969 1821 1046 1904 ipse
1061 1820 1174 1884 statim

153 1907 286 1972 desiluit
310 1913 342 1973 et
361 1909 464 1974 secuti
482 1931 556 1974 eum
577 1911 699 1975 residui
721 1911 808 1975 idem
820 1909 927 1993 facere
941 1908 1026 1974 nihil
1040 1909 1173 1973 morati:

151 2017 212 2062 neo
240 1997 326 2060 euim
359 2019 471 2063 eorum
498 1999 671 2084 quisquam
697 2000 889 2084 ambigebat
919 2001 1048 2082 partem
1083 2017 1197 2062 suana

153 2085 223 2150 fore
247 2085 423 2151 uictricem.

242 2175 294 2240 36.
304 2174 390 2241 Dato
401 2177 504 2260 igitur
514 2181 704 2242 aenatorum
715 2182 850 2242 accentu
859 2177 1065 2242 sollemniter
1079 2177 1174 2261 signo

153 2265 193 2330 ad
215 2265 425 2349 pugnandum
447 2267 610 2350 utrimque
624 2267 752 2350 magnis
768 2289 959 2332 oenomaum
973 2270 1024 2330 est
1038 2266 1176 2330 uiribus

151 2354 402 2438 propilabantur
425 2355 565 2420 missilia
588 2359 621 2420 et
648 2361 861 2440 properantes
885 2357 950 2420 cito
975 2377 1073 2440 quam
1104 2377 1175 2420 eon-

153 2443 295 2508 siderato
334 2467 428 2512 cursu
461 2443 614 2510 Germani
650 2445 781 2530 telaque
818 2445 940 2510 dextris
974 2444 1176 2528 explicantes
1188 2463 1203 2501 r

152 2531 341 2596 inuolauere
368 2538 554 2598 nostrorum
581 2534 727 2618 equiturn
759 2538 885 2600 turmas
913 2533 1102 2598 frendentes
1131 2534 1176 2596 in-

64 2671 66 2674 .
153 2619 264 2684 mania
301 2642 475 2705 eorumque
512 2622 601 2686 ultra
638 2622 774 2688 solitum
809 2623 1026 2689 saeuientium
1064 2644 1177 2687 eomas

151 2708 288 2773 fluentes
311 2708 489 2774 horrebant
511 2715 545 2774 et
568 2711 716 2776 elucebat
739 2712 871 2797 quidam
895 2735 934 2776 ex
951 2711 1056 2777 oculis
1075 2710 1176 2792 furor,

153 2818 241 2882 quos
257 2801 371 2862 eontra
392 2799 544 2883 pertinax
566 2801 661 2864 miles
686 2805 852 2866 scutorum
866 2800 1015 2866 obicibus
1034 2801 1177 2865 uertices

150 2890 267 2970 tegens
281 2887 485 2972 eiectansque
508 2889 635 2973 gladios
649 2890 702 2954 uel
726 2891 794 2955 tela
808 2891 1017 2974 concrispans
1031 2893 1175 2954 mortem
1189 2910 1203 2950 a

151 2977 339 3040 mrmtantia
352 2977 565 3060 perterrebat.
602 2979 654 3043 37.
669 3001 805 3064 cumque
819 2979 855 3044 in
877 2980 949 3064 ipso
972 2979 1178 3062 proeliorum

60 3117 66 3130 .
152 3063 290 3128 articulo
306 3087 403 3149 eques
418 3089 452 3131 se
466 3067 597 3132 fortiter
612 3072 833 3134 conturmaret
847 3073 881 3134 et
904 3067 1047 3133 muniret
1069 3068 1178 3132 latera

158 3350 210 3405 ΥΡ
211 3287 246 3406 bb
253 3283 447 3406 1111,εᾶ11ξέοὲ1
457 3283 486 3340 P
506 3286 681 3408 peruiuerepy
692 3286 719 3340 V
785 3291 801 3341 8
823 3285 974 3408 fugitiqupl
985 3286 1012 3340 G
1034 3287 1064 3408 {a
1088 3287 1180 3408 'turop

154 3425 186 3474 18
204 3417 415 3500 dinodomarius
424 3355 723 3499 ⁸Vallnaiiiidnlllipsserllu
740 3421 770 3474 id
777 3360 942 3501 llledbebb
975 3370 1180 3492 {ampiti-

150 3488 203 3542 bus
224 3503 309 3543 ensa.
331 3486 445 3566 populis
467 3485 494 3541 V
512 3488 614 3558 populr
635 3490 669 3560 tp
690 3503 741 3544 ora
758 3490 786 3542 A
855 3495 889 3544 24
911 3491 968 3551 cito
988 3491 1015 3546 G
1033 3499 1100 3548 cuto
1121 3491 1183 3545 VP

151 3556 232 3610 scuta
249 3559 283 3610 tu
339 3561 516 3610 261nmama
532 3585 566 3596 -
583 3562 617 3612 28
634 3556 755 3612 fluentes
776 3555 856 3614 VGA
874 3559 986 3614 021an
1037 3565 1078 3631 ⁵28
1095 3559 1184 3616 uror

151 3638 186 3676 ex
204 3622 292 3676 oculis
309 3623 490 3694 honepoul}
532 3647 535 3652 ·
