2430 3928
235 226 238 233 ·
270 195 527 252 CONSTANTIVS
545 197 591 250 ET
609 195 785 252 IVLIANVS
804 202 853 251 355
1024 200 1060 262 71

63 340 171 404 ximum
194 362 370 424 manesque
394 341 461 405 eius
485 341 612 406 ratione
636 340 766 424 gemina
788 340 942 424 religiose
958 341 1066 405 colun·

62 432 112 510 tur,
138 429 225 513 quod
252 429 339 494 iusto
363 431 581 495 moderamine
609 433 736 494 rexerat
765 451 839 494 suos
864 434 896 493 ct
924 430 1064 494 adscitus

62 517 289 582 iueocietatem
302 519 350 584 rei
364 519 529 584 Romanae
545 520 686 604 quietem
701 519 792 603 genti
805 519 971 603 praestitit
986 541 1065 583 sem-

60 606 220 688 piternam.
264 609 293 674 8.
313 613 346 672 et
363 608 440 673 licet
454 609 547 692 haec,
562 631 659 693 quam
678 608 816 672 diximus
835 608 936 691 uiam,
959 608 1066 672 media

40 695 97 760 rsit
125 700 158 760 et
191 698 418 781 conpendiaria
447 698 615 782 magisque
644 698 793 780 celebris,
824 701 935 761 tamen
966 698 1065 761 etiam

61 784 132 848 aliae
146 786 255 850 multo
271 791 367 852 antea
388 788 588 871 temporibus
612 791 687 851 sunt
702 790 904 851 constructae
918 787 1064 850 diuersis.

61 873 84 936 9.
105 878 134 938 et
159 877 300 958 primam
323 876 492 942 Thebaeus
516 876 671 941 Hercules
696 877 736 940 ad
760 875 941 959 Geryonem
965 876 1066 940 extin-

62 963 224 1046 guendum,
246 969 284 1028 ut
297 966 437 1030 relatum
461 969 520 1049 est,
543 970 576 1030 et
591 965 781 1030 Tauriscum
795 965 899 1030 lenius
915 964 1064 1048 gradiens

60 1074 151 1136 prope
179 1055 359 1119 maritimas
391 1056 561 1139 conposuit
587 1055 703 1138 Alpes,
733 1054 847 1139 hisque
877 1054 992 1118 harum
1020 1054 1065 1117 in-

32 1159 50 1197 10
61 1141 131 1205 didit
161 1164 294 1228 nomen3
324 1144 471 1209 Monoeci
502 1145 653 1209 similiter
681 1166 786 1208 arcem
810 1147 842 1206 et
871 1147 1001 1227 portum
1025 1143 1065 1206 ad

60 1252 225 1312 perennem
248 1233 298 1297 sui
320 1235 510 1298 memoriam
534 1233 744 1298 consecrauit.
789 1232 902 1298 deinde
926 1232 1064 1296 emensis

60 1323 164 1402 postea
188 1323 325 1387 saeculis
348 1323 459 1388 multis
487 1323 549 1387 hac
572 1346 610 1386 ex
633 1345 729 1386 causa
753 1326 827 1386 sunt
850 1320 951 1404 Alpes
975 1343 1066 1385 exco-

61 1409 175 1490 gitatae
193 1409 365 1476 Poeninae.
404 1413 454 1477 io.
469 1412 643 1496 superioris
659 1411 806 1475 Africani
823 1414 916 1493 pater
930 1409 1065 1473 Publius

62 1495 220 1563 Cornelius
252 1499 359 1584 Scipio
390 1501 579 1585 Saguntinis
608 1499 875 1565 memorabilibus
904 1499 1065 1562 aerumnis

32 1605 50 1642 15
61 1591 88 1650 et
108 1587 182 1672 fide,
205 1591 364 1672 pertinaci
386 1589 602 1655 destinatione
621 1589 775 1654 Afrorum
798 1589 938 1653 obsessis
963 1589 1066 1652 iturus

62 1678 173 1742 auxilio
202 1679 237 1743 in
263 1677 456 1762 Hispaniam
482 1680 627 1744 traduxit
655 1683 804 1744 onustam
832 1700 929 1742 manu
959 1677 1067 1741 ualida

61 1766 197 1852 classem,
221 1768 277 1832 sed
300 1769 429 1834 ciuitate
452 1769 578 1852 potiore
597 1769 701 1832 Marte
725 1768 831 1832 deleta
848 1767 1067 1832 Hannibalem

63 1857 142 1940 sequi
165 1856 321 1941 nequiens
344 1858 452 1923 triduo
477 1862 552 1922 ante
579 1859 717 1922 transito
741 1857 900 1921 Rhodano
926 1857 966 1920 ad
995 1879 1067 1940 par-

62 1947 104 2009 tes
121 1945 235 2010 ltaliae
260 1948 504 2012 contendentem
526 1947 734 2030 nauigatione
757 1946 863 2010 ueloci
886 1946 1066 2010 intercurso

33 2050 52 2087 a
64 2035 158 2116 spatio
187 2036 287 2100 maris
314 2036 393 2100 haut
423 2037 522 2121 longo
547 2037 771 2120 degressurum
794 2036 959 2100 montibus
983 2035 1068 2117 apud

66 2121 199 2188 Genuam
222 2125 420 2190 obseruabat
442 2125 594 2210 Liguriae
618 2125 781 2208 oppidum,
808 2129 845 2188 ut
872 2146 945 2188 cum
968 2144 1015 2206 e0,
1039 2124 1068 2186 si

65 2213 180 2296 copiam
202 2213 269 2278 fors
285 2214 434 2298 dedisset,
457 2216 583 2279 uiarum
607 2214 780 2297 asperitate
804 2213 942 2297 fatigato
963 2211 1069 2275 decer-

65 2305 145 2366 neret
166 2302 201 2366 in
223 2303 367 2386 planitie.
402 2304 452 2368 11.
467 2303 637 2368 consulens
652 2307 762 2366 tamen
775 2303 822 2366 rei
837 2301 999 2366 communi
1011 2299 1067 2364 On.

66 2387 238 2473 Scipionem
260 2392 395 2456 fratrem
424 2393 471 2456 ire
494 2392 620 2456 monuit
647 2393 682 2455 in
709 2389 895 2474 Hispanias,
922 2393 959 2454 ut
986 2388 1068 2452 Has-

34 2478 221 2544 ·25drubalem
254 2481 367 2546 exinde
400 2482 551 2546 similiter
583 2484 771 2564 erupturum
802 2481 935 2546 arceret.
987 2501 1067 2563 quae

67 2565 218 2634 Hannibal
241 2569 353 2634 doctus
377 2591 398 2634 u
424 2570 579 2654 perfugis,
605 2573 642 2634 ut
665 2571 736 2634 erat
759 2568 926 2652 expeditae
949 2568 1067 2632 mentis

69 2659 98 2718 et
116 2659 253 2742 callidae,
277 2659 429 2724 Taurinis
453 2659 643 2724 ducentibus
668 2659 786 2724 accolis
809 2681 867 2742 per
882 2657 1067 2722 Tricasinos

70 2747 99 2807 et
120 2769 204 2812 oram
231 2747 467 2813 Vocontiorum
494 2753 672 2812 extremam
700 2748 739 2811 ad
772 2748 874 2812 saltus
904 2746 1067 2811 Tricorios

70 2836 152 2900 uenit.
185 2838 323 2922 indeque
347 2859 478 2902 exorsus
504 2837 592 2902 aliud
614 2837 676 2900 iter
691 2835 827 2900 antehac
850 2835 1067 2919 insuperabile

35 2921 147 2988 aferic:
173 2927 343 3010 excisaque
366 2949 445 3010 rupe
477 2927 513 2990 in
538 2927 720 2990 inmensum
749 2926 849 3008 elata,
879 2945 976 3008 quam
1004 2945 1068 2987 cre-

70 3015 170 3080 mando
183 3016 219 3080 ui
233 3035 352 3100 magna
366 3015 570 3080 flammarum
585 3017 738 3098 acetoque
752 3013 859 3078 inluso
879 3013 913 3078 in
931 3012 1070 3077 solidam

127 3259 298 3329 lreligione
325 3259 429 3329 Vqua
468 3261 535 3314 tet
557 3275 607 3312 om.
632 3259 665 3327 bp
719 3257 881 3312 hirculisV
931 3258 1068 3326 ahisque

70 3325 155 3393 scripsi
169 3327 256 3419 bique
279 3327 422 3420 Vnhicque
440 3328 491 3396 bqo
527 3333 558 3382 10
575 3326 703 3380 moeneci
724 3325 751 3378 V
785 3327 900 3395 portum
922 3326 1001 3378 VGA
1019 3341 1069 3378 om.

69 3442 106 3520 lfft
137 3397 181 3499 15Ι
204 3397 325 3501 ertinaoi
341 3447 370 3500 et
387 3445 441 3500 fide
459 3451 595 3526 trampus.
616 3443 644 3496 V
679 3450 712 3498 21
731 3443 867 3513 oppidum
884 3474 917 3521 -Ι
940 3449 973 3496 22
991 3459 1021 3496 ae
1043 3459 1069 3496 e-

70 3511 143 3567 ntate
163 3465 230 3570 odd.
257 3514 301 3568 l⁷¹¹¹
369 3520 401 3568 27
424 3513 593 3568 Tncaetmos
615 3513 666 3582 bpa
734 3517 767 3566 28
796 3511 993 3580 uocontrgrum
1043 3512 1071 3564 P

71 3599 97 3646 31
113 3597 182 3654 scito
201 3599 342 3654 ueinfuso
362 3586 509 3666 beithuae
532 3596 559 3650 V
574 3598 654 3651 aceto
675 3613 710 3650 ue
733 3595 825 3648 infuso
843 3595 923 3661 Pbpo
974 3595 1004 3645 in
1028 3611 1070 3646 so-

70 3659 147 3718 lidum
167 3617 251 3721 siluit
273 3667 373 3736 scripsi
393 3665 478 3720 insoli
499 3663 628 3718 dissoluit
676 3665 704 3716 P
719 3663 779 3731 igni
797 3659 925 3712 dissoluit
936 3659 1071 3730 Eysseab.
