2430 3928
260 200 516 256 CONSTANTIVS
533 202 580 256 ΕΤ
600 201 774 257 IVLIANVS
792 209 841 257 356
1018 203 1057 270 91

55 341 133 406 bella
146 342 283 408 cientem
305 365 364 428 per
388 367 421 409 se
445 345 620 430 superauit,
644 349 701 410 aut
722 346 844 410 uictam
867 346 1058 413 fortitudine

55 453 174 495 suorum
197 434 344 517 conperit
368 434 492 519 ducum,
514 435 569 500 uel
592 435 716 498 addidit
740 436 898 518 quaedam
912 435 1059 520 imperi0,

54 523 102 583 aut
122 527 257 605 usquam
281 523 316 586 in
337 524 586 589 necessitatibus
601 525 735 589 summis
759 525 883 608 primus
898 525 952 590 uel
975 526 1060 590 inter

54 609 164 690 primos
180 617 230 676 est
243 612 344 696 uisus,
367 614 422 678 sed
435 618 473 678 ut
495 609 648 698 pompam
662 613 760 677 nimis
776 618 940 679 extentam
953 615 1060 700 rigen-

32 699 151 782 stiaque
174 723 253 766 auro
277 703 399 766 uexilla
422 707 455 767 et
477 703 729 788 pulcritudinem
743 705 937 786 stipatorum
954 709 1060 771 osten-

54 787 132 853 deret
153 792 265 874 agenti
287 792 496 878 tranquillius
520 793 640 876 populo
664 792 745 856 haec
768 793 820 857 uel
845 794 951 857 simile
973 796 1060 879 quic-

54 900 138 960 quam
150 879 262 945 uidere
275 903 335 946 neo
349 882 493 964 speranti
506 904 660 967 umquam
676 903 735 946 nec
750 883 891 965 optanti:
915 883 944 947 3.
968 885 1059 968 igno-

54 989 117 1031 rans
126 967 266 1034 10111110
277 971 433 1056 quosdam
442 975 589 1036 ueterum
598 972 781 1055 principum
791 972 826 1035 in
839 994 917 1055 pace
929 975 1059 1056 quidem

55 1056 210 1124 littoribus
234 1059 336 1125 fuisse
360 1063 537 1145 contentos,
560 1061 617 1125 ubi
640 1083 717 1126 uero
741 1061 942 1145 proeliorum
961 1064 1059 1128 ardor

26 1145 124 1210 anihil
155 1150 284 1233 perpeti
311 1153 441 1234 poterat
468 1171 580 1234 segne,
614 1151 715 1215 alium
743 1151 915 1216 anhelante
944 1153 1057 1217 rabido

54 1235 120 1300 11110
132 1243 305 1304 uentorum
319 1240 490 1304 lenunculo
507 1263 540 1304 se
556 1240 757 1304 commisisse
771 1241 937 1324 piscantis,
957 1242 1059 1307 alium

54 1325 86 1387 ad
97 1325 271 1394 Deciorum
294 1329 442 1412 exempla
455 1331 586 1394 uouisse
609 1342 718 1413 prore
741 1329 874 1412 publica
897 1331 1058 1414 spiritum,

54 1414 141 1480 alium
162 1417 301 1482 hostilia
324 1423 432 1484 castra
458 1441 516 1504 per
540 1423 643 1484 semet
670 1419 778 1502 ipsum
802 1440 874 1483 oum
897 1420 1058 1484 militibus

53 1504 159 1570 infimis
184 1508 379 1592 explorasse,
403 1509 547 1574 diuersos
572 1508 708 1592 denique
728 1508 853 1572 actibus
868 1508 1059 1574 inclaruisse

24 1595 232 1680 smagnifieis,
254 1601 293 1662 ut
312 1598 434 1682 glorias
459 1619 533 1663 snas
556 1597 743 1682 posteritati
758 1597 878 1662 celebri
901 1599 1059 1663 memoria

54 1686 313 1752 commendarent.
500 1701 502 1708 ‘

129 1777 160 1840 4.
182 1774 231 1840 Vt
243 1776 346 1860 igitur
360 1777 465 1842 multa
479 1799 624 1861 quaeque
639 1781 830 1859 consmnpta
849 1782 925 1842 sunt
947 1777 982 1841 in
1005 1799 1059 1862 ap-

54 1869 158 1944 paratu
168 1915 461 1932 .................
472 1866 611 1931 secunda
621 1864 716 1930 Orfiti
727 1866 940 1950 praefectura,
956 1871 1059 1931 trans-

55 1973 135 2018 curso
164 1952 329 2039 Ocriculo,
358 1956 462 2020 elatus
490 1955 668 2020 honoribus
697 1955 824 2038 magnis
853 1957 1058 2040 stipatusque

26 2043 226 2125 agminibus
258 2044 470 2110 formidandis
503 2049 671 2128 tamquam
703 2044 772 2108 acie
804 2045 981 2110 ducebatur
1013 2045 1060 2108 in-

56 2136 174 2218 structa,
197 2135 343 2198 omniurn
367 2135 469 2199 oculis
492 2134 527 2198 in
542 2156 579 2199 eo
603 2135 752 2198 contuitu
773 2134 933 2217 pertinaci
956 2135 1060 2198 inten-

55 2221 99 2284 tis.
124 2222 152 2288 5.
175 2245 311 2308 eumque
334 2224 408 2288 urbi
430 2224 672 2308 propinquaret,
696 2228 825 2288 senatus
850 2223 958 2287 officia
972 2245 1060 2288 reue-

55 2311 220 2397 rendasque
242 2313 399 2396 patriciae
423 2313 536 2396 stirpis
561 2313 685 2396 effigies
710 2333 765 2376 ore
788 2333 900 2376 sereno
921 2315 1060 2376 oontem-

55 2399 137 2480 plans
149 2424 216 2467 11011
228 2406 265 2466 ut
280 2399 396 2467 Cineas
420 2403 477 2466 ille
492 2401 588 2486 Pyrri
610 2402 738 2486 legatus
753 2402 788 2464 in
801 2423 901 2465 unum
915 2405 1060 2464 coactam

29 2505 47 2541 a
58 2491 285 2556 multitudinem
311 2513 426 2576 regum
450 2491 505 2556 sed
533 2491 660 2576 asylum
683 2490 794 2555 mundi
822 2489 924 2554 totius
949 2490 1060 2554 adesse

59 2579 259 2646 existimabat.
288 2581 318 2646 6.
340 2581 424 2645 unde
448 2603 520 2645 eum
535 2602 569 2644 se
590 2581 746 2645 uertisset
769 2579 809 2644 ad
832 2579 970 2663 plebem,
994 2584 1060 2644 stu·

58 2668 152 2753 pebat,
173 2693 237 2755 qua
256 2671 422 2735 celeritate
447 2692 541 2734 omne
566 2670 651 2754 quod
673 2669 794 2752 ubique
818 2673 868 2733 011
891 2668 1060 2732 hominum

59 2777 146 2838 genus
164 2760 354 2826 confluxerit
372 2759 520 2825 Romam.
551 2763 584 2823 et
606 2763 775 2843 tamquam
788 2757 992 2841 Euphratem
1012 2780 1060 2821 ar-

60 2868 170 2913 morum
192 2849 298 2933 specie
320 2850 494 2914 territurus
519 2853 576 2913 aut
588 2847 740 2912 Rhenum
756 2847 947 2912 altrinsecus
970 2868 1061 2929 prae-

30 2937 193 3004 uenntibus
222 2938 326 3022 signis
354 2939 517 3003 insidebat
550 2960 647 3002 aureo
680 2937 769 3002 solus
802 2937 871 3020 ipse
904 2939 1059 3017 carpento

61 3023 185 3108 fulgenti
210 3028 403 3092 claritudine
435 3027 580 3111 lapidum
612 3027 792 3108 uariorum,
826 3045 888 3108 quo
920 3023 1061 3088 micante

62 3112 110 3178 lux
123 3117 273 3200 quaedam
292 3117 421 3182 misceri
439 3117 611 3182 uidebatur
630 3117 764 3180 alterna.
789 3116 817 3178 1.
837 3135 972 3198 eumque
985 3117 1061 3196 post

64 3207 250 3290 antegressos
273 3206 472 3290 multiplices
497 3207 578 3271 alios
606 3205 776 3290 purpureis
800 3202 1066 3286 subtegminibus

69 3335 263 3351 Ἢ

119 3399 242 3479 4101111
264 3400 294 3453 et
320 3399 422 3500 Vrsa*
476 3403 507 3452 10
528 3397 681 3477 anhelante
703 3396 802 3450 rabido
828 3395 954 3474 Valesius
976 3391 1062 3510 11111ἳὲ

66 3462 590 3654 surrrecturus
604 3463 987 3604 {tuttlattttfflt

66 3600 842 3742 11101111111111111101ϋὲ111111111ἕ101111Ρ1118ΠΠω
864 3585 891 3651 V
948 3600 980 3648 32
998 3595 1063 3662 Im
