2430 3928
242 174 494 231 CONSTANTIVS
511 175 558 228 ΕΤ
576 175 750 230 IVLIANVS
769 182 819 231 356
995 177 1036 242 79

50 319 207 384 Tricasinos
229 319 383 383 tendebat
397 321 430 381 et
452 317 609 382 barbaros
633 317 668 381 in
691 339 724 381 se
740 318 931 382 cateruatim
944 340 1036 383 ruen-

46 422 83 472 tes
102 409 221 492 partim,
244 431 316 472 curn
334 407 466 470 timeret
487 410 524 470 ut
547 406 731 489 ampliores,
755 407 909 471 confertis
927 406 1036 470 lateri-

46 499 91 560 bus
112 498 306 580 obseruabat,
329 497 413 561 alios
428 496 592 579 occupatis
615 495 781 560 habilibus
805 496 886 560 locis
901 496 1037 560 decursu

43 587 115 650 facili
134 591 307 670 proterens,
329 607 395 650 non
417 584 524 649 nullos
548 607 667 668 pauore
689 584 827 649 traditos
843 585 937 668 cepit,
959 585 1037 648 resi-

24 676 107 740 sciuros
130 677 163 740 in
189 699 299 740 curam
321 674 497 740 celeritatis
521 695 615 738 omne
639 674 724 757 quod
752 677 904 757 poterant
932 673 1037 738 confe-

42 769 139 849 rentes,
166 766 242 850 quia
268 765 360 849 sequi
382 786 450 828 non
476 763 608 827 ualebat
636 764 798 846 grauitate
828 763 1035 847 praepeditus

42 876 192 938 armorum,
206 855 360 920 innocuos
376 853 466 917 abire
481 874 651 935 perpessus
668 856 725 917 est.
773 853 800 916 7.
814 852 948 935 proinde
972 874 1036 915 cer-

42 943 108 1008 tiore
127 944 191 1008 iam
214 966 271 1028 spe
286 943 326 1008 ad
348 941 563 1006 resistendum
585 941 812 1024 ingruentibus
827 942 1035 1005 confirmatus

41 1033 207 1113 permulta
236 1031 422 1096 discrimina
449 1030 539 1094 uenit
567 1030 717 1095 Tricasas
746 1030 825 1094 adeo
853 1030 1036 1113 insperatus

13 1126 68 1184 rur
87 1143 118 1186 eo
139 1126 251 1205 portas
274 1143 375 1206 paene
397 1121 549 1204 pulsante
564 1119 698 1184 diffusae
721 1119 941 1184 multitudinis
965 1118 1036 1182 bar-

41 1212 117 1274 barae
144 1216 235 1276 metu
265 1211 370 1276 aditus
400 1208 490 1274 urbis
521 1231 588 1274 non
618 1209 686 1273 sine
718 1209 814 1274 anxia
843 1207 1036 1291 panderetur

40 1301 162 1384 ambage.
210 1301 241 1366 8.
256 1303 289 1364 et
301 1298 467 1384 paulisper
483 1301 626 1364 moratus
642 1297 717 1362 dum
740 1298 879 1381 fatigato
895 1295 1036 1360 consulit

39 1390 126 1474 niliti,
148 1390 318 1454 ciuitatem
339 1387 460 1452 Remos
483 1387 568 1452 nihil
594 1387 823 1470 prolatandum
846 1385 1036 1450 existimans

38 1479 111 1562 petit,
136 1479 192 1543 ubi
221 1479 257 1542 in
279 1501 378 1542 unum
402 1480 634 1562 congregatum
662 1475 839 1540 exercitum
866 1473 1037 1538 uehentem

10 1569 130 1633 rtacarr's
164 1569 288 1632 cubam
323 1567 463 1633 iusserat
497 1565 641 1651 opperiri
680 1563 896 1650 praesentiam
931 1583 1037 1626 suam:

37 1658 74 1720 cui
100 1657 305 1740 praesidebat
334 1655 478 1721 Vrsicini
508 1677 672 1720 successor
701 1653 876 1719 Marcellus
907 1655 940 1715 et
967 1651 1036 1734 ipse

37 1744 184 1812 l'rsicinus
216 1747 257 1810 ad
285 1767 385 1830 usque
410 1744 624 1828 expeditionis
653 1744 751 1808 finem
783 1762 879 1827 agere
910 1761 1037 1824 praece

35 1841 93 1916 ptus
114 1836 218 1900 isdem
242 1836 277 1899 in
299 1835 389 1900 locis.
435 1833 465 1900 9.
479 1838 555 1918 post
568 1835 712 1898 uarietas
727 1834 836 1915 itaque
860 1829 1036 1895 sententias

35 1924 124 2005 plures
153 1947 230 1990 eum
256 1924 434 2008 placuisset
460 1947 518 2009 per
544 1925 665 1990 Decem
693 1941 795 2005 pagos
819 1917 1037 1984 Alamannam

9 2035 25 2068 a
35 2015 148 2096 adgredi
170 2013 313 2098 plebem,
336 2013 479 2088 densatis
503 2013 687 2096 agminibus
710 2009 864 2074 tendebat
886 2008 965 2071 illuc
989 2028 1037 2070 so-

36 2101 81 2166 lito
95 2103 235 2168 alacrior
249 2103 353 2168 miles.
401 2103 451 2167 10.
466 2107 498 2166 et
522 2103 599 2186 quia
612 2101 680 2164 dies
699 2101 844 2163 umectus
860 2101 893 2161 et
907 2095 1038 2160 decolor

35 2193 74 2253 uel
103 2193 295 2277 contiguum
325 2192 483 2276 eripiebat
518 2194 697 2275 aspectum,
728 2189 860 2252 iuuante
893 2187 1037 2250 locorum

33 2281 180 2362 gnaritate
195 2282 310 2346 hostes
334 2281 467 2346 tramite
481 2280 615 2366 obliquo
630 2279 774 2344 discorso
798 2279 874 2360 post
889 2272 1035 2337 Caesaris

33 2375 111 2453 terga
132 2371 283 2456 legiones
312 2371 392 2434 duas
421 2392 512 2434 arma
539 2372 691 2452 cogentes
720 2365 827 2431 adorti
858 2384 958 2447 paene
987 2360 1038 2424 de-

9 2476 23 2512 a
34 2459 147 2544 lassent,
178 2461 218 2524 ni
246 2459 355 2524 subito
389 2460 533 2524 concitus
566 2458 689 2522 clamor
722 2455 885 2520 sociorum
917 2449 1038 2514 auxilia

33 2549 187 2632 coegisset.
239 2549 289 2612 11.
302 2548 379 2613 hino
399 2550 458 2629 [et]
479 2547 592 2612 deinde
610 2568 668 2610 nee
692 2545 810 2608 itinera
832 2563 890 2606 nec
904 2539 1039 2604 fiumina

33 2639 156 2702 transire
189 2659 288 2722 posse
321 2637 390 2702 sine
422 2637 549 2701 insidiis
581 2640 698 2721 putans
728 2637 797 2697 erat
824 2630 977 2716 prouidus
1006 2633 1039 2692 et

32 2731 197 2812 epotator,
220 2729 302 2808 qnod
322 2727 523 2811 praecipium
545 2727 664 2790 bonum
692 2723 727 2788 in
749 2722 877 2805 magnis
901 2716 1039 2782 ductori-

32 2815 80 2878 bus
94 2838 190 2900 opem
205 2816 292 2882 ferre
306 2816 391 2880 solet
405 2815 600 2880 exercitibus
615 2818 649 2878 et
663 2812 811 2876 salutem.
841 2811 891 2873 12.
906 2807 1038 2906 audiens

17 2903 127 2989 ¹itaque
150 2905 422 2990 Argentoratum,
445 2905 690 2987 Brotomagum,
714 2899 889 2981 Tabernas,
922 2894 1040 2960 Salrso-

32 3015 101 3078 uem,
122 2995 283 3060 Nemetas
307 2998 340 3059 et
353 2993 543 3078 Vangionas
568 2997 600 3056 et
622 2989 866 3074 Mogontiacum
889 2985 1039 3048 ciuitates

32 3082 177 3150 barbaros
202 3083 406 3167 possidentes
430 3082 597 3147 territoria
612 3101 721 3144 earum
743 3077 949 3142 habitare-
964 3094 1039 3137 nam

32 3173 92 3251 ipsa
118 3173 242 3260 oppida
270 3178 308 3237 ut
336 3172 534 3238 circumdata
560 3170 652 3234 retiis
679 3168 776 3231 busta
804 3165 967 3229 declinant
997 3199 1039 3207 -

32 3261 161 3339 primam
201 3262 347 3326 omnium
378 3261 615 3344 Brotomagum
648 3256 819 3340 occupauit
851 3254 943 3336 eique
975 3251 1040 3315 iam

90 3435 222 3503 tcoepit
233 3433 286 3488 VA
322 3439 354 3487 14
390 3441 431 3488 oet
449 3433 602 3488 uehentem
620 3432 671 3486 lac.
684 3429 782 3508 mill·
801 3427 827 3480 V
842 3428 893 3482 lae.
912 3431 928 3478 4
946 3425 1000 3504 aa,
1015 3422 1041 3476 G

31 3501 83 3554 sinc
105 3503 157 3558 lae.
178 3503 207 3556 P
223 3519 258 3556 ea
278 3501 347 3556 lecit
391 3503 493 3558 alesius
534 3507 564 3555 19
583 3499 773 3553 alamannram
794 3495 846 3548 VA
885 3500 918 3546 25
936 3489 1041 3544 auxilio

35 3568 79 3642 ,VP
106 3576 139 3624 26
152 3571 248 3624 etdel.
305 3585 377 3639 apen
411 3576 443 3625 28
456 3568 630 3638 quodGora.
643 3566 730 3620 VPba
765 3561 975 3627 30brotomago
991 3557 1042 3610 VP

33 3636 183 3691 salmonem
202 3637 227 3692 G
244 3637 365 3692 salisone
386 3637 413 3691 V
445 3643 477 3692 32
496 3653 592 3691 eorum
615 3634 718 3701 Vquo
753 3637 786 3685 33
804 3629 905 3681 Lustra
921 3627 949 3678 A
