2530 3922
158 153 204 218 40
536 153 618 206 xun
638 159 677 219 11,
698 157 797 206 1-1

161 295 326 361 cultatem.
365 296 415 360 16.
429 295 503 360 inde
526 295 600 359 aliis
625 317 721 378 super
744 294 827 358 alias
842 294 1033 378 urgentibus
1057 293 1180 358 litteris

162 385 249 450 exire
274 387 307 448 et
330 383 440 448 decem
462 384 621 448 uehiculis
644 383 798 468 publicis,
826 387 864 448 ut
885 387 1095 468 praeceptum
1116 387 1180 467 est,

159 495 237 538 usus
251 473 366 537 relicto
381 473 529 556 palatino
543 473 633 537 omni
646 476 776 556 praeter
789 493 909 557 paucos
928 473 994 538 tori
1008 473 1179 538 ministros

161 567 195 626 et
217 579 362 646 mensae,
390 583 470 646 quos
500 565 653 626 auexerat
683 581 803 644 secum,
832 561 983 646 squalore
1006 565 1179 626 concretus

161 652 302 716 celerare
326 651 462 734 gradum
485 651 731 734 conpellebatur
755 650 962 735 adigentibus
986 651 1109 735 multis
1131 655 1206 714 ten

160 740 305 806 meritati
329 763 406 805 suae
430 740 565 804 subinde
588 740 741 805 flebiliter
769 741 968 824 inprecatus,
998 760 1177 825 quaecum

162 831 228 894 iam
244 829 430 913 despectum
444 832 477 894 et
497 829 597 894 uilem
620 829 757 893 arbitrio
773 829 960 894 subdiderat
983 829 1178 894 infimorum.

162 918 527 984 111111111111111
541 939 598 1002 per
612 918 754 982 indutias
767 922 904 983 naturae
919 917 1176 1004 conquiescentis

163 1007 394 1072 sauciabantur
430 1007 498 1072 eius
536 1029 648 1072 sensus
685 1007 1015 1072 circumstridentium
1051 1013 1177 1071 terrore

160 1097 341 1180 laruarum,
382 1095 690 1180 interfectorumque
731 1100 879 1161 cateruae
915 1097 1103 1162 Domitiano
1142 1099 1177 1158 et
1193 1113 1220 1151 10

160 1183 288 1249 Montio
312 1185 454 1269 praeuiis
479 1189 663 1268 correptum
687 1206 760 1250 eum
783 1223 825 1232 -—
849 1189 886 1251 ut
909 1184 1117 1251 existimabat
1140 1184 1178 1247 in

161 1273 283 1338 somnis
294 1309 336 1320 -
346 1275 436 1338 uncis
451 1274 623 1339 furialibus
638 1273 855 1340 obiectabant.
885 1275 934 1340 18.
950 1274 1073 1339 solutus
1088 1274 1177 1337 enim

161 1364 322 1446 corporeis
350 1364 486 1428 nexibus
511 1364 637 1428 animus
661 1383 788 1448 semper
814 1365 928 1448 uigens
956 1363 1099 1428 motibus
1128 1364 1178 1426 in-

160 1450 295 1516 defessis
319 1455 352 1516 11
375 1453 630 1536 cogitationibus
654 1453 816 1518 subiectus
832 1457 865 1517 11
877 1453 971 1535 curis,
995 1473 1077 1536 quae
1091 1473 1178 1516 mor·

158 1540 276 1604 talium
299 1541 481 1606 sollicitant
503 1545 636 1624 mentes,
659 1541 788 1626 colligit
809 1542 881 1606 uisa
902 1546 1070 1625 nocturna,
1093 1563 1176 1625 quas
1193 1557 1220 1598 15

160 1631 346 1710 φαντασίας
368 1649 427 1693 nos
452 1629 663 1714 appellamus.

251 1717 300 1780 19.
310 1716 475 1781 Pandente
489 1719 599 1801 itaque
613 1717 701 1783 uiam
714 1719 857 1783 fatorum
872 1723 959 1784 sorte
974 1719 1178 1802 tristissima,

50 1797 55 1810 ’
160 1826 224 1889 qua
250 1805 483 1888 praestitutum
511 1810 582 1870 erat
605 1827 678 1874 eum
705 1807 776 1872 uita
803 1813 836 1872 et
863 1809 1001 1891 imperio
1027 1807 1178 1891 spoliari,

158 1893 331 1957 itineribus
355 1893 534 1959 interiectis
548 1896 787 1978 permutatione
801 1897 1018 1961 iumentorum
1033 1895 1177 1961 emensis

159 1982 251 2046 uenit
272 1981 487 2046 Petobionem
514 1984 668 2067 oppidum
690 1985 898 2070 Noricorum,
925 1986 982 2050 ubi
1010 1987 1178 2050 reseratae
1193 2004 1222 2042 2⁰

159 2073 235 2134 sunt
258 2070 449 2135 insidiarum
476 2072 622 2136 latebrae
650 2095 774 2158 omnes,
803 2078 837 2138 et
859 2075 1018 2140 Barbatio
1041 2079 1178 2158 repente

158 2159 539 2334 ballistast
561 2162 1179 2317 ssttsmlltttlttaelllsl?

157 2335 240 2401 ficiis
264 2338 330 2402 suis
355 2339 587 2423 oppigneratos
611 2340 755 2424 elegerat
781 2303 960 2424 imperatoi
980 2275 1091 2406 bertus
1114 2361 1180 2405 nec

100 2463 104 2468 -
157 2427 311 2508 praemiis
335 2449 395 2492 nec
418 2429 627 2492 miseratione
650 2429 719 2493 ulla
741 2451 837 2512 posse
860 2429 996 2494 deflecti.
1082 2453 1085 2458 ·
1193 2445 1223 2485 25

160 2533 161 2537 ’
247 2516 299 2579 20.
314 2514 448 2599 Iamque
462 2535 529 2580 non
538 2516 697 2581 umbratis
712 2518 854 2582 fallaciis
868 2536 921 2583 res
932 2519 1101 2602 agebatur,
1117 2517 1178 2582 sed

160 2623 224 2685 qua
246 2603 407 2686 palatium
431 2608 482 2668 est
505 2609 738 2689 extramuros,
762 2607 897 2672 armatis
921 2621 1017 2674 omne
1040 2607 1179 2672 circum-

155 2688 254 2752 dedit.
300 2691 527 2776 ingressusque
556 2694 693 2758 obscuro
726 2695 793 2759 iam
825 2695 889 2779 die,
922 2696 1044 2761 ablatis
1072 2696 1177 2780 regiis

155 2777 353 2844 indumentis
369 2777 542 2845 Caesarem
556 2783 667 2846 tunica
688 2784 820 2848 territet
841 2783 1074 2867 paludamento
1090 2805 1178 2848 com-

156 2867 262 2950 muni,
291 2889 364 2932 eum
390 2874 466 2953 post
493 2869 574 2934 haec
595 2869 679 2936 nihil
706 2893 879 2955 passurum
902 2873 994 2938 uelut
1016 2873 1222 2938 mandatos

155 2956 313 3040 principis
336 2957 464 3022 iurandi
488 2959 662 3024 crebritate
689 2961 883 3026 confirmans
907 2965 940 3026 et
963 2962 1103 3026 ‘statim’
1128 2962 1178 3026 in-

156 3044 227 3126 quit
250 3043 413 3130 ‘exsurge'
437 3051 470 3111 et
493 3047 662 3130 inopinum
676 3053 829 3132 carpento
848 3051 977 3133 priuato
993 3050 1178 3134 inpositum

156 3132 196 3195 ad
220 3131 382 3198 Histriam
408 3135 499 3199 duxit
526 3157 627 3220 prope
655 3137 809 3221 oppidum
831 3137 962 3222 Polam,
988 3140 1046 3204 ubi
1075 3161 1178 3223 quon-

223 3346 239 3393 3
255 3339 382 3460 palatino
394 3344 495 3412 scripsi
526 3343 612 3398 elatio
625 3346 702 3399 codd.
730 3345 836 3414 equod
851 3345 877 3402 G
890 3362 946 3415 que
962 3347 1014 3402 VP
1040 3353 1072 3402 16
1083 3347 1179 3416 phan-

154 3407 240 3462 tasias
281 3408 309 3460 P
325 3408 460 3464 fantasias
514 3419 532 3463 a
564 3417 595 3465 18
613 3411 674 3467 uita
688 3413 741 3466 (ΞΑ
758 3415 800 3468 111
816 3413 883 3469 VPb
913 3415 1180 3470 ‘leinteriectisA

154 3525 251 3580 eiectis
273 3525 358 3596 VPbp
427 3491 644 3599 1011εέ11111
670 3530 876 3586 Vreseruatae
893 3533 922 3586 P
990 3538 1021 3586 21
1040 3532 1179 3588 barbatio

152 3593 234 3662 Pbpa
256 3594 417 3651 berberatio
439 3595 467 3649 V
531 3602 564 3652 32
582 3613 686 3668 exurge
704 3601 735 3655 11
754 3599 780 3654 G
798 3600 934 3669 exugeret
954 3599 1042 3656 VPbc
