2530 3922
118 185 186 240 VIII
552 180 770 239 PRAEFATIO.

116 328 206 393 mani
228 327 383 392 recitasse
411 326 514 390 dccet.
561 323 801 410 sedquoniam
827 325 908 390 haec
936 325 1078 411 epistola
1101 328 1135 389 et

116 417 228 481 laudes
260 415 446 481 Marcellini
477 415 596 499 nostri,
633 418 667 479 et
699 414 765 480 alia
795 415 954 499 quaedam
991 413 1029 478 de
1061 413 1134 497 ipso

116 505 301 571 necessaria
329 504 414 569 scitu
442 503 601 587 continet,
630 525 746 587 operae
773 503 915 587 pretium
943 503 1034 587 duxi,
1062 523 1134 566 earn

117 595 171 658 hic
194 595 358 678 integram
383 615 421 657 ex
445 593 553 658 codiee
577 591 805 658 Bibliothecae
825 591 949 677 Regiae
973 612 1135 676 apponere

119 682 196 764 [ΝΥ
189 683 444 835 666666602
463 773 788 835 ΜΑΡΚΕΛΛΙΝΩ.

207 857 275 923 Καὶ
300 855 336 923 σὲ
361 859 443 942 ζηλῶ
467 859 528 924 τοῦ
546 854 683 944 Ροίμην
706 861 804 943 ἔχειν,
826 851 984 967 ιιόιιείνην
1006 857 1068 923 τοῦ
1091 874 1138 923 σε.

120 945 163 1013 σὺ
190 945 252 1031 μὲν
259 943 344 1056 γὰρ
373 935 510 1036 ἔχεις
483 971 510 1015 ω
537 948 605 1013 τῶν
634 946 671 1012 έν
698 948 740 1034 γη
757 942 1001 1057 παραπλήσιον
1025 940 1137 1012 οὐδέν.

118 1063 139 1120 η
126 1033 202 1101 ‘6
228 1037 297 1102 τῶν
320 1035 438 1148 e‘uor63
451 1013 613 1144 πόλιτοὸν,
637 1028 864 1122 οἷςπρόγονοι
883 1037 1051 1144 δαίμονες,
1076 1029 1137 1138 063

122 1121 270 1228 ὕστερον.
314 1115 358 1232 66
386 1123 450 1233 μὲν
471 1115 534 1190 οὖν
558 1121 600 1209 66
624 1141 678 1190 σοι
700 1123 795 1210 μέγα,
818 1121 927 1189 καὶ
896 1149 933 1190 το
948 1120 1029 1209 μετὰ
1043 1125 1139 1208 σιγης

120 1213 218 1279 έν
155 1238 219 1324 τη
241 1211 378 1300 τοιαύτη
394 1210 535 1297 διάγειν,
557 1211 669 1280 καὶ
635 1237 673 1279 το
692 1207 858 1324 λόγους“
840 1207 893 1279 ντί
911 1208 1023 1325 {aalma
1045 1218 1138 1296 λεγο

120 1300 243 1387 μένους
266 1301 432 1411 cepaea.
456 1298 601 1380 πολλοὺς
624 1296 705 1386 666
723 1297 837 1412 Ροόμη
861 1300 1000 1411 τρέφει
995 1299 1138 1387 ῥήτορας

119 1388 293 1500 πατράσιν
303 1393 586 1469 ακολουθοῦντας.
631 1393 696 1501 ηὕν
683 1327 788 1468 ηόῶς
802 1394 893 1456 ἔστιν
916 1387 1052 1457 ακοόειν
1069 1391 1139 1456 τῶν

121 1475 293 1546 έκεῖθεν’
275 1479 546 1565 αφιιινουμένων,
574 1474 675 1557 αὐτὸς
701 1474 783 1565 ἡμιν
807 1479 844 1545 έν
872 1479 978 1546 ἐπιδεί
965 1479 1044 1558 ίξεσι
1066 1489 1140 1556 ταῖς

121 1593 183 1658 μεν
209 1568 364 1680 γέγονας,
392 1581 465 1646 ταῖς
493 1566 530 1634 ce
553 1572 628 1655 ἔση,
656 1570 714 1652 τῆς
741 1569 937 1680 συγγραφῆς
962 1571 1010 1645 είς
1031 1564 1139 1634 πολλὰ
1255 1566 1260 1643 f

121 1655 338 1742 τετμημένης,
374 1656 430 1722 καὶ
466 1659 529 1723 τοῦ
564 1656 730 1740 φανέντος
766 1655 1001 1735 ἐπαινεθέντος
1040 1655 1140 1766 μέρος
1258 1701 1263 1742 γ

121 1744 236 1831 ἕτερον
269 1747 508 1822 είςιιαλοῦντος.
554 1741 666 1812 ἀκούω
700 1743 738 1811 δὲ
769 1743 832 1830 τὴν
859 1741 995 1831 Ῥιόμην
1033 1740 1140 1855 αὐτὴν

122 1835 313 1918 στεφανοῦν
341 1851 396 1900 σοι
422 1830 483 1898 τὸν
509 1831 633 1918 πόνον,
661 1832 717 1900 καὶ
747 1841 882 1900 κεῖσθαι
898 1836 1027 1946 ψῆφον
1054 1829 1140 1922 αὐτῇ

121 1919 287 2121 ξῖῗλίέἵ
312 1939 361 2077 06⁶
380 1921 664 2122 όίλῗίίξλλλ
688 1918 1140 2122 666666666

122 2095 208 2185 ἡμᾶς
231 2088 280 2165 ὧν
304 2095 432 2166 ἐστὶν“
418 2123 435 2166 ο
460 2099 681 2187 συγγραφεύς.
727 2099 773 2187 μὴ
792 2098 838 2188 66
862 2099 974 2211 παύση
1002 2103 1141 2168 τοιαῦτα

123 2187 309 2272 συντιθεὶς,
337 2187 393 2254 καὶ
415 2193 568 2300 κομίζων
584 2189 774 2256 §naresve
743 2193 790 2268 είς
817 2187 1019 2275 συλλόγους,
1056 2188 1142 2302 μηδὲ

122 2273 228 2364 κόμης
241 2275 504 2388 θαυμαζόμενος.
550 2273 619 2345 ἀλλ’
641 2275 742 2357 αὐτός
763 2303 799 2345 τε
816 2283 937 2364 γίγνου
960 2277 1141 2366 λαμπρότε-

123 2379 192 2476 ρος,
224 2361 328 2432 καὶ
311 2379 393 2452 ημῖν
423 2369 522 2434 τοῦτο
557 2369 665 2435 (λίθου
715 2369 872 2434 τοιοῦτον
907 2365 972 2477 γὰρ
1004 2373 1143 2454 πολίτης

123 2449 329 2564 e66omp6v
339 2467 458 2542 ιιοσμεϊ
482 2468 552 2534 τοῖς
580 2453 684 2524 αὑτοῦ
710 2454 801 2568 τὴν
800 2454 900 2524 πόλιν
916 2454 985 2567 τὴν
1008 2456 1141 2525 ἑαυτοῦ.

124 2540 167 2609 σὺ
195 2541 257 2627 μὲν
290 2535 354 2610 οὖν
386 2544 424 2610 ἐν
449 2543 615 2623 τοιούτοις
643 2549 722 2655 εἴης.
783 2541 877 2657 ἡμίν
893 2541 924 2612 6'
956 2545 993 2612 ἐν
1020 2545 1140 2612 πένθει

123 2630 288 2717 κειμένοις
311 2634 342 2698 εί
372 2630 418 2741 μή
449 2657 499 2710 τις
530 2636 623 2742 θεῶν
635 2629 821 2745 ιἰμόνοιε,
839 2630 901 2701 οὐκ
937 2629 1011 2700 ἔσθ’
1051 2631 1142 2713 ὅπως

124 2727 269 2830 οίσομεν.
316 2715 353 2799 63
366 2717 430 2831 γὰρ
446 2718 487 2806 66
511 2719 616 2807 μόνος
629 2713 672 2808 ἦν
686 2719 768 2809 ἡμῖν
782 2719 824 2790 06
842 2721 943 2802 ιιαιιὸς
961 2723 998 2790 έιι
1016 2721 1143 2811 μητρὸς

124 2805 325 2916 ἆγαθῆς,εί
350 2806 395 2919 μὴ
424 2808 479 2875 καὶ
508 2809 703 2898 ἐλευθέρας,
735 2819 859 2898 οἴχεται
890 2811 946 2878 καὶ
978 2812 1140 2880 τέθαπται

123 2895 212 2985 λύπη
236 2894 487 3003 τελευτήσας,ε
470 2903 530 2966 etc.
559 2938 597 2947 —
624 2939 666 2949 -

222 2987 355 3054 Haec
346 2989 485 3074 msignis
523 2991 608 3074 epist
594 2991 664 3056 tola
695 3013 762 3056 non
792 2991 951 3058 hoctun
951 2997 1023 3058 tum
1055 2993 1141 3078 quod

124 3077 323 3142 intendimus
350 3079 482 3163 probat3
521 3080 576 3144 sed
608 3084 777 3164 praeterea
812 3079 906 3146 docet
928 3081 1141 3146 Ammianum

124 3165 363 3251 Marcellinum,
387 3168 473 3252 quod
495 3167 531 3232 in
552 3168 714 3253 principio
738 3168 893 3255 dixeram,
916 3170 1011 3236 domo
1025 3169 1141 3235 Antio·

125 3255 277 3320 chensem
308 3256 419 3322 fnisse.
477 3257 540 3322 Est
572 3262 659 3323 certe
690 3257 901 3325 Marcellinus
938 3259 974 3323 in
1009 3259 1141 3324 laudem

124 3342 320 3410 Antiochiae
338 3345 537 3430 propensior,
558 3367 618 3412 nec
631 3347 699 3412 fere
713 3369 869 3431 umquam
892 3347 931 3412 de
946 3368 984 3410 ea
1007 3348 1141 3416 civitate

124 3434 189 3498 nisi
217 3435 369 3500 adiuncto
393 3435 500 3518 elogio
524 3435 678 3520 loquitur.
723 3435 810 3502 Hinc
838 3436 937 3501 etiam
966 3441 1025 3520 est,
1055 3437 1141 3520 quod

124 3521 362 3588 Antiochenses
385 3524 471 3588 male
495 3528 644 3608 acceptos
667 3526 934 3609 proscriptosque
965 3548 985 3590 a
1011 3524 1139 3590 Iuliano

1 3648 2 3712 }
124 3611 160 3677 in
192 3634 229 3678 ec
262 3612 440 3699 volumine,
471 3613 557 3698 qued
584 3609 824 3697 Μισοποέγωνα
852 3613 1046 3700 appellauit,
1068 3615 1140 3698 ipse
