2530 3922
179 199 227 264 34
587 194 668 248 xun
687 200 728 261 ιο,
746 197 831 246 e-rr

185 361 287 425 opera
324 338 464 424 diligens
500 337 626 421 hocque
663 337 766 401 dilato
798 334 959 402 Eusebius
996 335 1211 419 praepositus

185 428 327 494 cubiculi
349 427 468 492 missus
492 429 543 490 est
562 423 735 490 Cabillona
759 447 874 490 aurum
897 445 1005 489 recum
1027 423 1212 508 perferens,

186 537 250 602 quo
281 538 339 600 per
370 515 578 580 turbulentos
608 513 804 580 seditionum
832 514 1012 580 concitores
1045 513 1209 578 occultius

186 605 360 670 distributo
384 608 418 668 et
439 607 549 668 tumor
572 603 742 668 consenuit
764 603 908 670 militum
931 606 964 667 et
986 603 1076 667 salus
1096 603 1150 666 est
1174 601 1213 664 in

187 697 260 758 tuto
284 694 395 758 locata
417 691 584 776 praefecti.
620 692 734 756 deiude
758 693 830 758 cibo
854 691 980 758 abunde
1002 691 1133 775 perlato
1158 705 1236 754 ca-⁵

187 787 256 848 stra
271 783 322 846 die
335 781 501 866 praedicto
517 784 592 845 sunt
606 785 705 846 mota.
735 781 765 846 6.
780 781 919 846 emensis
934 779 1045 864 itaque
1069 779 1213 844 difficul-

186 871 312 936 tatibus
340 870 454 934 multis
482 874 515 934 et
542 870 618 934 niue
647 869 773 934 obrutis
801 870 940 935 callibus
967 869 1122 954 plurimis
1151 868 1215 932 ubi

188 981 289 1045 prope
318 959 503 1024 Rauracum
534 961 669 1024 uentum
700 962 752 1023 est
783 960 824 1026 ad
856 959 1030 1042 supercilia
1061 957 1214 1022 fluminis

188 1048 310 1132 Rheni,
337 1047 511 1112 resistente
534 1047 742 1112 multitudine
765 1047 951 1114 Alamanna
977 1051 1111 1132 pontem
1140 1068 1215 1110 sus-

188 1136 327 1220 pendere
349 1137 484 1200 nauium
508 1155 653 1220 conpage
666 1135 808 1202 Romani
830 1138 865 1202 ui
886 1137 989 1202 nimia
1007 1136 1247 1201 uetabantur1⁰

189 1226 257 1290 ritu
280 1224 447 1309 grandinis
470 1224 612 1309 undique
635 1226 885 1291 conuolantibus
907 1226 998 1310 telis,
1022 1229 1154 1290 etcum
1180 1223 1216 1288 id

189 1314 383 1398 inpossibile
405 1313 580 1398 uideretur,
602 1313 781 1398 imperator
800 1315 1054 1400 cogitationibus
1077 1313 1215 1396 magnis

191 1403 361 1486 attonitus,
384 1402 462 1486 quid
475 1407 659 1487 capesseret
672 1404 872 1488 ambigebat.
913 1405 942 1468 7.
956 1425 1029 1468 ecce
1044 1405 1158 1468 autem
1175 1423 1217 1465 ex

190 1492 358 1575 inprouiso
385 1491 482 1556 index
510 1492 642 1576 quidam
663 1493 836 1576 regionum
863 1513 984 1577 gnarus
1013 1491 1149 1557 aduenit
1182 1495 1217 1554 et

191 1580 338 1645 mercede
370 1583 503 1663 accepta
539 1581 699 1644 uadosum
734 1581 842 1647 locum
878 1585 973 1646 nocte
1009 1579 1216 1645 monstrauit
1229 1593 1249 1633 1·

191 1669 275 1732 unde
299 1668 446 1751 superari
468 1669 577 1751 potuit
599 1668 732 1732 flumen:
756 1674 789 1735 et
810 1671 972 1754 potuisset
986 1670 1146 1734 aliorsum
1166 1669 1216 1732 in-

191 1756 293 1820 tentis
324 1754 475 1820 hostibus
508 1757 668 1821 exercitus
699 1758 774 1823 inde
801 1763 1026 1844 transgressus
1053 1758 1149 1823 nullo
1183 1757 1217 1821 id

193 1845 347 1928 opinante
375 1847 491 1908 cuncta
517 1848 669 1930 uastare,
692 1847 728 1911 ni
757 1849 854 1931 pauci
886 1870 925 1914 ex
957 1848 1069 1912 eadem
1103 1850 1218 1932 gente,

194 1933 312 2018 quibus
335 1936 406 1997 erat
432 1932 653 1999 honoratioris
676 1935 816 2001 militiae
840 1959 916 2002 cura
940 1936 1127 2020 commissa,
1157 1958 1217 2019 po-

192 2022 323 2106 pulares
347 2043 423 2086 suos
446 2021 527 2086 haec
549 2045 608 2106 per
629 2024 762 2090 nuntios
785 2025 972 2091 docuissent
994 2025 1152 2109 occultos,
1178 2029 1218 2088 ut
1234 2046 1251 2073 ’ν

194 2111 325 2196 quidam
339 2109 580 2176 existimabant.
613 2111 642 2177 8.
651 2112 835 2179 infamabat
849 2119 958 2180 autem
971 2113 1053 2179 haee
1067 2115 1216 2198 suspicio

192 2197 354 2264 Latinum'
369 2198 620 2265 domesticorum
634 2202 786 2266 comitam
800 2207 834 2268 et
846 2203 1023 2290 Agilonem
1039 2203 1219 2268 tribunum

192 2287 318 2353 stabuli
346 2291 443 2373 atque
472 2286 678 2354 Scudilonem
701 2289 925 2358 Scutariorum
952 2295 1125 2375 rectorem,
1158 2293 1219 2376 qui

193 2382 271 2442 tunc
293 2381 331 2442 ut
353 2377 476 2442 dextris
500 2378 566 2444 suis
590 2382 758 2462 gestantes
780 2381 1038 2466 rempublicam
1061 2380 1219 2445 coleban-

194 2471 257 2530 tur.
286 2466 316 2530 9.
327 2469 362 2530 at
374 2466 508 2530 barbari
522 2470 672 2551 suscepto
680 2489 742 2550 pro
752 2469 946 2536 instantium
959 2493 1069 2536 rerum
1081 2469 1219 2534 ratione
1235 2486 1246 2524 2

195 2553 345 2637 consilio,
376 2553 604 2620 dirimentibus
636 2556 721 2622 forte
754 2559 939 2643 auspicibus
968 2560 1023 2625 uel
1055 2560 1221 2643 congredi

193 2641 388 2726 prohibente
412 2645 607 2708 auctoritate
635 2667 813 2731 sacrorum,
840 2649 970 2714 mollito
993 2649 1118 2734 rigore,
1149 2671 1220 2732 quo

194 2729 346 2795 fidentius
369 2731 581 2816 resistebant,
604 2733 778 2816 optimates
802 2737 919 2802 misere
943 2736 1137 2802 delictorum
1162 2759 1221 2800 ue-

191 2817 285 2884 niam
293 2819 454 2902 petituros
469 2823 634 2904 etpaeem.
659 2823 710 2887 10.
716 2825 817 2889 tentis
827 2826 929 2910 igitur
937 2827 1026 2911 regis
1040 2826 1220 2910 utriusque

192 2909 315 2992 legatis
331 2911 363 2972 et
376 2909 510 2992 negotio
523 2909 641 2974 tectius
656 2911 712 2977 diu
732 2918 870 2996 pensato
886 2937 959 2980 cum
980 2937 1097 3000 pacem
1116 2936 1220 2999 opor·
1236 2932 1247 2971 ³

192 3000 264 3061 tere
287 2997 402 3080 tribui,
425 3019 507 3082 quae
531 2999 626 3064 iustis
650 3001 892 3069 condicionibus
914 3004 1102 3090 petebatur,
1126 3026 1223 3069 eam—

263 3183 277 3232 1
300 3177 410 3248 hocque
427 3180 456 3234 A
477 3179 587 3250 hacque
609 3183 661 3238 VP
682 3198 733 3244 om.
751 3185 785 3254 by
829 3185 942 3295 itdilato²
963 3185 1092 3242 Valesius
1113 3185 1224 3242 delato

196 3297 279 3352 VAP
294 3313 346 3354 om.
364 3297 404 3420 bg
436 3299 640 3354 traditionum
657 3303 738 3423 qua
756 3303 805 3357 red
824 3303 854 3358 et
873 3303 969 3358 ionem
990 3303 1017 3358 V
1052 3305 1151 3358 otuto
1175 3305 1225 3359 V²

194 3365 277 3436 Pbpc
293 3367 357 3421 totu
407 3367 415 3402 ¹
486 3367 549 3421 cibo
569 3367 595 3422 G
612 3369 667 3424 cito
706 3370 769 3424 Pbo
825 3372 1029 3440 9suspendere
1050 3371 1077 3426 Θ
1093 3389 1225 3441 suspen-

194 3433 299 3488 derunt
315 3433 401 3489 VPba
436 3439 468 3488 16
485 3435 624 3490 mittentis
640 3437 667 3490 V
699 3443 730 3490 17
745 3439 928 3492 exercitus-
942 3446 974 3495 18
983 3441 1095 3494 uastare
1112 3440 1144 3492 ni
1157 3455 1224 3497 om.

195 3501 258 3571 Pop
285 3503 399 3556 uastare
425 3503 455 3556 ni
472 3503 500 3555 A
517 3504 664 3559 uastarent
683 3505 710 3558 V
770 3512 802 3560 19
820 3505 939 3561 militiae
959 3507 986 3561 G
1004 3507 1102 3562 militis
1124 3507 1227 3564 VPba

193 3573 229 3692 {p
245 3569 346 3692 pgpfiffs
360 3585 419 3692 0an
432 3569 518 3625 VPba
551 3577 584 3626 27
601 3573 780 3642 prohibentia
800 3572 852 3628 VP
885 3575 979 3644 rigore
999 3575 1026 3629 G
1041 3577 1137 3644 rigere
1158 3575 1229 3632 VP
