2530 3922
165 1137 462 1206 PERDITORUM
483 1139 714 1208 LIBRORUM
735 1139 988 1217 RELIQUIAE.

418 1283 528 1349 Aelius
550 1283 746 1349 Hadrianus.

66 1407 91 1470 I.
114 1408 169 1492 22,
198 1407 249 1491 15,
275 1410 292 1472 1
321 1430 372 1472 res
395 1407 618 1492 Aegyptiacae
642 1445 684 1456 -
708 1445 750 1454 —
775 1410 912 1492 quarum
934 1406 1088 1471 notitiam

157 1497 196 1560 in
224 1497 352 1562 actibus
381 1495 573 1562 Hadriani
600 1503 637 1563 et
666 1496 800 1562 Seueri
830 1495 1015 1580 principum
1042 1495 1088 1558 di·

157 1586 323 1670 gessimus
346 1587 413 1652 late
436 1587 508 1651 uisa
529 1587 684 1671 pleraque
707 1590 886 1652 narrantes.

450 1728 499 1792 M.
520 1729 709 1795 Antoninus.

64 1852 107 1916 II.
133 1854 191 1937 29,
216 1855 247 1938 6,
273 1854 289 1918 l
319 1854 359 1918 ab
388 1854 490 1918 isdem
513 1849 559 1938 (11.
583 1875 609 1918 e.
633 1852 769 1940 Quadis)
793 1875 831 1919 ac
848 1853 1088 1919 Marcomannis

158 1942 316 2027 Aquileia
335 1941 603 2027 Opitergiumque
627 1943 769 2008 excisum
797 1947 829 2008 et
856 1946 989 2008 cruenta
1017 1965 1090 2007 con-

156 2031 259 2116 plura
280 2031 436 2115 perceleri
459 2035 533 2096 acta
555 2033 735 2116 procinctu,
758 2033 814 2098 uix
836 2033 1006 2097 resistente
1020 2053 1091 2116 per-

158 2120 268 2204 ruptis
283 2119 424 2205 Alpibus
438 2119 532 2185 Iuliis
546 2119 697 2206 Principe
721 2122 805 2187 serio
820 2117 875 2208 (2),
899 2142 994 2206 quem
1015 2125 1090 2186 ante

157 2210 330 2276 docuimus
353 2209 480 2275 Marco
504 2206 559 2296 (l).

65 2298 127 2363 ΙΠ.
154 2299 210 2383 14,
233 2299 264 2380 4,
287 2299 308 2363 2
332 2321 428 2382 super
455 2320 592 2383 quorum
616 2295 661 2384 (h.
684 2321 710 2364 e.
726 2297 973 2384 Saracenorum)
996 2299 1092 2362 mori·

158 2389 224 2452 bus
249 2388 325 2452 licet
348 2389 383 2452 in
396 2387 524 2452 actibus
538 2389 694 2472 principis
709 2388 830 2452 Marci
854 2393 885 2451 et
904 2391 1019 2470 postea
1034 2386 1092 2451 ali-

159 2477 314 2562 quotiens
337 2477 471 2542 memini
493 2477 662 2542 rettulisse
686 2515 729 2525 -
753 2514 795 2522 -

494 2619 532 2684 L.
561 2619 666 2685 Verus,

66 2744 147 2810 ΗΠ.
172 2745 232 2828 23,
257 2744 291 2828 6,
314 2743 358 2808 24
403 2743 474 2821 Qua
497 2740 542 2831 (11.
567 2767 593 2810 e.
617 2742 777 2831 Seleucia)
799 2766 858 2828 per
880 2743 976 2808 duces
999 2742 1093 2806 Veri

160 2831 329 2916 Caesaris,
364 2837 402 2898 ut
438 2839 514 2899 ante
546 2835 745 2918 rettulimus,
782 2833 953 2917 expulsata
984 2827 1094 2918 (expu-

162 2919 315 3008 gnata?)
359 2923 509 2988 auulsum
554 2923 684 2988 sedibus
728 2922 939 2988 simulacrum
983 2919 1094 2985 Comei

161 3011 330 3096 Apollinis
353 3012 579 3097 perlatumque
601 3011 742 3077 Romam
769 3013 804 3076 in
827 3010 904 3076 aede
927 3011 1094 3095 Apollinis

161 3100 312 3166 Palatini
335 3100 468 3166 deorum
492 3102 658 3167 antistites
681 3101 893 3166 collocarunt.

473 3244 511 3308 L.
535 3217 693 3310 Comedus.

70 3367 113 3432 V.
144 3369 199 3454 22,
223 3365 257 3454 9,
286 3371 306 3434 6
335 3366 434 3434 Cuius
464 3365 510 3456 (h.
538 3391 564 3434 e.
592 3369 759 3434 simulacri
790 3368 931 3453 Magnae
963 3363 1095 3452 Matris)

166 3479 263 3542 super
291 3459 434 3523 aduentu
458 3458 496 3522 'in
521 3457 657 3522 Italiam
682 3479 786 3541 pauca
814 3479 888 3521 cum
916 3456 990 3520 aliis
1018 3455 1094 3519 huic

165 3547 324 3612 materiae
339 3546 593 3631 congruentibus
610 3547 646 3610 in
656 3547 781 3610 actibus
797 3543 995 3608 Commodi
1009 3542 1099 3622 prin·

167 3636 248 3720 cipis
271 3635 467 3721 digessimus
491 3658 549 3720 per
573 3657 748 3701 excessum.

131 3747 466 3793 manumiserimus.
923 3737 935 3784 Ῑ
