2430 3928
175 217 218 282 84
538 209 605 264 XVI
622 217 646 277 5,
668 214 827 276 15-‘1‚5
1203 270 1206 329 J

175 379 254 424 nera
285 355 436 422 uniuersa
469 355 671 439 complentes:
704 355 745 419 ob
777 375 859 438 quae
891 356 1055 436 tamquam
1084 351 1166 416 solen
1206 351 1207 382 ¹

117 485 124 500 ·
177 447 241 513 sibi
264 468 414 510 serenum
441 449 517 530 post
544 443 728 529 squalentes
752 443 902 508 tenebras
927 441 1090 508 adfulsisse
1111 463 1167 506 cun
1206 443 1207 492 l

177 536 347 602 alacritate
363 539 396 600 et
418 534 570 618 tripudiis
585 533 800 599 laetabantur.
831 531 880 598 15.
904 532 1038 616 denique
1060 531 1091 594 id
1111 553 1166 594 eun

178 627 218 691 ad
240 647 342 710 usque
365 625 494 709 imperii
517 624 615 688 finem
636 627 669 688 et
690 623 779 688 uitae
803 623 921 688 scimus
944 622 1067 686 utiliter
1080 621 1167 685 obser·
1208 629 1209 670 ³

176 737 285 800 nasse,
313 737 353 779 ne
377 737 434 799 per
457 713 677 798 indulgentias
702 735 782 798 quas
806 711 974 796 appellant
1000 710 1184 776 tributariam
1208 719 1209 759 l

176 806 224 869 rei
252 804 440 870 concederet
466 804 602 888 reliqua.
645 807 743 868 norat
767 803 854 867 enim
880 801 942 866 hoc
966 800 1052 866 facto
1075 821 1105 864 sc
1126 798 1168 864 ali-

177 895 255 980 quid
277 894 494 978 locupletibus
519 893 712 977 additurum,
736 913 808 957 oum
831 895 959 956 constet
977 891 1092 974 ubique
1111 911 1169 972 pau-

176 1005 269 1068 peres
298 983 384 1048 iuter
411 983 482 1067 ipsa
509 982 706 1048 indictorum
736 981 868 1046 exordia
891 980 1019 1047 soluere
1041 979 1169 1044 uniuersa
1208 991 1209 1029 ἐ

177 1074 248 1137 sine
271 1074 457 1136 laxamento
482 1072 631 1155 conpelli.
1208 1079 1209 1090 ¹

269 1162 318 1226 16.
328 1160 418 1226 Inter
427 1161 486 1226 has
497 1165 607 1226 tamen
615 1160 749 1246 regendi
759 1158 1086 1244 moderandiqueuias
1094 1155 1170 1221 bonis
1181 1177 1193 1212 11¹

179 1251 381 1336 principibus
406 1251 613 1316 aemulandas
642 1250 815 1315 barbarica
836 1250 943 1314 rabies
973 1251 1130 1314 exarserat
1147 1246 1172 1310 ic
1208 1261 1209 1300 1

179 1341 293 1406 maius.
333 1342 382 1406 17.
404 1343 504 1425 utque
527 1340 651 1406 bestiae
676 1339 845 1405 custodum
866 1339 1077 1424 neglegentia
1097 1339 1173 1418 raptu
1208 1381 1209 1384 ,

177 1431 288 1496 uiuere
311 1430 428 1496 solitae
451 1453 492 1495 ne
514 1430 566 1495 his
581 1430 711 1515 quidem
730 1429 867 1494 remotis
888 1428 1106 1513 adpositisque
1125 1425 1174 1488 lor·
1208 1443 1209 1480 1

178 1521 318 1586 tionibus
342 1521 581 1604 abscesserunt,
609 1520 666 1584 sed
687 1522 903 1583 tumescentes
926 1517 1037 1583 inedia
1059 1517 1121 1581 sine
1140 1535 1174 1576 re·
1208 1533 1209 1574 3

179 1614 292 1693 spectu
315 1610 431 1674 salutis
456 1612 603 1674 armenta
625 1609 677 1673 vel
701 1627 815 1693 greges
835 1609 1012 1692 incursant,
1035 1607 1083 1671 ita
1096 1605 1176 1670 etiam
1186 1621 1209 1661 11¹

179 1699 231 1762 illi
259 1699 382 1762 cunctis
411 1720 493 1782 quae
521 1698 681 1782 diripuere
714 1697 913 1782 consumptis
940 1697 1028 1762 fame
1060 1698 1175 1778 urgente
1208 1739 1209 1750 .

180 1787 323 1871 agebant
347 1787 542 1871 aliquotiens
565 1788 715 1872 praedas3
739 1787 904 1852 interdum
927 1791 1102 1871 antequam
1122 1805 1177 1848 con·
1208 1805 1209 1810 ¹

179 1876 345 1960 tingerent
369 1876 507 1960 aliquid,
532 1877 738 1961 oppetebant.

270 1965 303 2030 6.
321 1967 348 2029 1.
371 1963 462 2030 Haec
483 1988 542 2050 per
565 1988 638 2030 eum
660 1988 780 2031 annum
802 1987 859 2050 spe
882 1965 990 2049 dubia,
1015 1967 1129 2030 euentu
1144 1965 1178 2024 ta·
1208 1987 1209 2022 4

178 2076 253 2119 men
272 2055 410 2119 secundo
433 2077 492 2138 per
506 2054 631 2120 Gallias
655 2057 846 2141 agebantur.
879 2055 915 2119 in
937 2055 1097 2120 comitatu
1117 2067 1209 2114 ueros:

177 2143 322 2228 Augusti
337 2144 603 2210 circumlatrabat
612 2143 828 2211 Arbetionem
837 2144 960 2210 inuidia
968 2143 1064 2210 uelut
1073 2160 1181 2208 summa
1208 2165 1209 2170 ¹

179 2255 254 2298 mox
269 2233 460 2317 adepturum
474 2234 590 2299 decora
604 2236 710 2300 cultus
725 2235 930 2320 imperatorii
951 2231 1183 2318 praestruxisse

178 2324 386 2409 instabatque
424 2325 453 2389 ei
491 2328 637 2408 strepens
670 2325 816 2389 inmania
854 2346 960 2389 comcs
997 2321 1182 2388 Verissimus

178 2415 310 2478 nomine
333 2433 470 2498 arguens
495 2435 617 2497 coram,
646 2415 775 2498 quoda
803 2413 953 2498 gregario
978 2413 1018 2478 ad
1044 2430 1185 2496 magnum

144 2569 146 2574 ,
178 2503 317 2567 militiae
341 2503 469 2568 culmen
492 2508 620 2568 euectus
644 2503 706 2568 hoc
730 2507 857 2588 quoque
875 2525 943 2568 nou
965 2505 1136 2566 contentus
1157 2501 1201 2560 ut*

178 2613 279 2674 paruo
303 2591 411 2654 locum
435 2593 601 2676 adpeteret
623 2593 846 2678 principalem.
879 2594 909 2657 2.
933 2591 989 2656 sed
1012 2589 1187 2676 specialiter

180 2701 253 2744 eum
267 2680 487 2745 insectabatur
500 2681 607 2746 Dorus
623 2683 754 2766 quidam
769 2705 808 2747 ex
825 2682 950 2747 medico
966 2679 1187 2754 Scutariorum,

180 2769 571 2856 quemnitentiumrerum
579 2772 800 2837 centurionem
808 2772 867 2836 sub
876 2769 1188 2856 Magnentioltomae

179 2863 370 2943 prouectum
392 2859 577 2924 rettulimus
602 2882 769 2926 accusasse
788 2860 986 2946 Adelphium
1009 2861 1088 2925 urbi
1111 2878 1188 2942 prae-

179 2949 299 3014 fectum
313 2954 350 3014 ut
370 2948 490 3014 altiora
513 2953 725 3034 coeptantem.
748 2951 779 3015 3.
802 2972 938 3035 cumque
961 2971 1011 3014 res
1035 2950 1075 3014 ia
1097 2945 1207 3031 inqui-²

180 3037 332 3102 sitionem
355 3037 482 3103 ueniret
503 3039 757 3124 necessariisque
779 3040 914 3124 negotio
937 3038 1039 3104 tentis
1060 3038 1191 3104 obiecto-

179 3149 252 3190 rum
275 3127 426 3210 probatio
450 3131 636 3211 speraretur
658 3133 826 3214 tamquam
848 3152 906 3213 per
929 3133 1077 3194 saturam
1092 3126 1192 3192 subito

181 3216 387 3281 cubiculariis
398 3215 660 3302 suffragantibus
670 3221 706 3283 ut
716 3219 912 3304 loquebatur
921 3218 1072 3303 pertinax
1081 3237 1194 3292 rumor,

181 3309 213 3370 et
236 3304 374 3389 uinculis
403 3310 479 3370 sunt
508 3309 623 3372 exutae
654 3329 812 3391 personae
841 3330 923 3393 quae
951 3307 1194 3392 stringebantur

249 3484 264 3532 8
283 3477 455 3532 indictorum
473 3479 607 3535 Pithoeus
625 3481 764 3536 dictorum
782 3483 860 3537 codd.
910 3489 941 3536 11
960 3483 989 3536 in
1008 3484 1059 3552 tyn
1078 3495 1132 3537 om.
1154 3480 1198 3532 VP

184 3552 215 3600 14
229 3547 424 3601 abscesserunt
435 3548 486 3617 bpc
503 3551 680 3603 accesserunt
695 3549 747 3604 VP
782 3556 813 3606 17
870 3550 957 3605 ebant
970 3552 996 3606 G
1007 3551 1153 3605 tenebant
1167 3548 1198 3602 Vl

181 3615 319 3684 tegebant
339 3614 437 3670 V²Pba
472 3623 503 3670 21
523 3617 698 3672 arbetionem
720 3618 771 3671 VA
789 3618 849 3672 arbi
864 3619 958 3674 ionem
971 3619 1026 3674 GP
1058 3623 1199 3688 asparso

180 3681 275 3736 locum
295 3684 320 3738 G
337 3683 457 3752 paruulo
476 3701 540 3739 cum
562 3684 648 3740 VPba
716 3687 980 3757 301chan
