2530 3922
185 187 224 250 12
474 153 476 157 ¹
553 183 675 250 xlma,
694 187 786 248 11-1,
806 187 819 236 1

182 350 339 412 procursu
354 332 387 392 et
401 327 533 412 agiliter
550 325 728 410 praeterito
744 323 921 408 Calycadni
934 322 1077 388 fluminis
1091 326 1220 406 ponte,

184 417 273 482 cuius
301 417 459 480 undarum
487 414 678 500 magnitudo
702 435 868 478 murorum
892 412 1037 498 adluitt
1024 416 1217 497 turres‚1n

184 506 325 589 speciem
348 505 496 570 locauere
518 503 694 588 pugnandi.
730 524 834 586 neque
857 505 969 566 tamen
986 501 1102 566 exiluit
1117 502 1217 586 quis-

183 617 281 678 quam
303 616 363 658 nec
384 593 562 696 permissus
578 596 628 656 est
652 592 813 676 congredi.
850 591 1086 656 formidabatur
1115 591 1215 654 enim

182 684 324 767 flagrans
348 684 482 748 uesania
504 704 620 746 manus
645 685 677 745 et
701 681 847 766 superior
868 701 1003 744 numero
1019 683 1052 744 et
1071 680 1241 744 ruitura
1230 713 1243 740 ο

183 772 253 836 sine
267 775 417 856 respectu
431 772 547 838 salutis
562 771 597 834 in
610 770 741 835 ferrum.
780 771 829 834 16.
844 771 916 834 uiso
930 769 1040 854 itaque
1054 769 1216 832 exercitu

181 861 294 943 procul
318 861 491 946 auditoque
515 859 679 924 liticinum
702 863 808 942 cantu,
836 880 984 943 represso
1013 857 1118 942 gradu
1149 881 1215 942 pa-

181 971 311 1032 rumper
325 953 445 1014 stetere
459 949 638 1034 praedones
649 952 896 1032 exertantesque
911 947 1054 1012 minaces
1069 946 1213 1030 gladios

180 1041 295 1120 postea
309 1038 429 1103 lentius
444 1038 646 1103 incedebant.
672 1039 722 1102 17.
734 1037 850 1121 quibus
861 1058 1027 1101 occurrere
1037 1036 1120 1100 bene
1130 1058 1214 1120 per-

180 1127 272 1190 tinax
285 1127 380 1191 miles
396 1127 565 1211 explicatis
577 1127 743 1191 ordinibus
757 1148 878 1210 parans
892 1125 1060 1209 hastisque
1078 1123 1213 1189 feriens
1230 1151 1256 1186 re

181 1219 273 1280 scuta
296 1253 339 1262 -—
363 1217 419 1301 qui
441 1216 573 1280 habitus
597 1217 680 1280 iram
702 1215 918 1300 pugnantium
933 1215 1075 1279 concitat
1099 1217 1133 1277 et
1150 1214 1214 1278 do-

180 1304 284 1369 lorem
308 1306 538 1388 -proximos
567 1305 633 1369 1111
661 1308 758 1389 gestu
783 1304 938 1368 terrebat.
984 1303 1039 1367 sed
1067 1325 1146 1366 cunr
1175 1304 1214 1367 in

180 1397 345 1458 certamen
373 1394 525 1458 alacriter
553 1398 801 1478 consurgentem
828 1414 1020 1457 reuocauere
1047 1392 1212 1458 ductores

179 1483 245 1546 rati
267 1483 534 1566 intempestiuum
556 1505 673 1567 anceps
698 1483 806 1548 subire
825 1485 990 1546 certamen
1004 1503 1087 1546 scum
1119 1481 1214 1546 haut

180 1572 277 1655 longe
298 1573 382 1635 muri
405 1571 573 1653 distarent,
597 1594 733 1656 quorum
755 1572 861 1636 tutela
884 1571 1040 1636 securitas
1067 1573 1212 1654 poterat
1228 1595 1254 1632 15

179 1660 327 1724 insolide
339 1661 441 1724 locari
452 1665 649 1724 cunctorum
667 1661 716 1726 18
726 1660 824 1724 hacit
810 1661 1065 1743 apersuasione
1074 1660 1213 1725 reducti

179 1748 266 1812 intra
296 1748 426 1813 moenia
457 1749 561 1813 bellat
547 1753 635 1813 tores
668 1749 829 1814 obseratis
861 1749 1002 1832 undique
1029 1752 1213 1832 portarum

167 1836 331 1920 aditibus,
354 1837 608 1921 propugnaculis
631 1837 827 1919 insistebant
846 1841 879 1902 t
846 1859 1020 1922 prnnls,
1044 1842 1213 1926 congesta

178 1925 318 2009 undique
334 1948 413 1990 11111
426 1927 557 2010 telaque
571 1926 753 1990 habentes
743 1949 779 1990 1n
797 1931 959 2011 promptu,
976 1927 1059 1991 ut
1033 1949 1061 1990 s1
1075 1927 1154 2010 quis
1173 1951 1211 1992 se

177 2015 393 2098 proripuisset
411 2015 558 2098 interius,
580 2015 788 2080 multitudine
803 2015 978 2080 missilium
1001 2019 1232 2081 sterneretur
1227 2044 1252 2084 1ο

179 2106 212 2166 et
221 2103 375 2186 lapidum.
401 2104 1038 2169 1111111111111111111111111111
1055 2106 1212 2189 angebat

179 2192 264 2275 quod
274 2193 378 2276 captis
392 2193 545 2277 nauigiis,
556 2215 637 2276 quae
652 2193 816 2257 frumenta
829 2193 993 2258 uehebant
1002 2215 1060 2277 per
1069 2193 1212 2279 flumen,

177 2280 284 2346 Isauri
307 2281 439 2366 quidem
453 2282 588 2347 aliment
573 2286 681 2347 torum
701 2282 803 2366 copiis
819 2282 1045 2366 1111111111,Ι
1036 2283 1102 2366 ipsi
1121 2306 1210 2348 uero

179 2371 352 2436 solitarum
379 2393 487 2436 rerum
510 2372 636 2457 cibos
627 2394 694 2436 1111
727 2369 943 2436 consumendo
971 2370 1099 2436 inediae
1127 2395 1211 2456 pro-

177 2460 366 2543 pinquantis
378 2483 549 2525 aerumnas
561 2461 702 2525 exitialis
717 2460 905 2524 horrebant
928 2459 1141 2525 2111111111
1159 2463 1211 2546 la·
1226 2490 1251 2528 a

177 2547 243 2611 tius
266 2548 355 2612 fama
369 2549 539 2632 uulgasset
552 2549 734 2634 missaeque
758 2549 935 2614 relationes
955 2548 1108 2614 adsiduae
1124 2537 1212 2616 Gal-

178 2635 246 2699 lum
261 2634 434 2700 Caesarem
447 2638 693 2722 permouissent,
709 2638 863 2740 quoniam
877 2638 1001 2722 magist
1003 2661 1037 2703 er
1052 2638 1211 2724 equitum

178 2724 308 2808 longius
328 2747 365 2789 ea
379 2729 575 2809 tempestate
597 2726 775 2792 distinebat
760 2730 823 2812 tur,
847 2727 952 2792 iussus
972 2749 1079 2793 comes
1095 2728 1211 2794 orien-

176 2813 220 2876 tis
234 2812 409 2878 Nebridius
435 2815 611 2879 contractis
639 2815 780 2900 undique
803 2817 1001 2882 militaribus
1031 2816 1133 2900 copiis
1164 2821 1210 2883 ad

178 2901 380 2966 eximendam
402 2903 546 2986 periculo
571 2904 650 2968 'ciuit
652 2907 739 2968 atem
767 2906 911 2988 amplam
939 2909 1019 2971 eto
1000 2909 1248 2990 poortunamac

178 2990 284 3055 studio
303 2992 501 3074 properabat
524 2992 658 3076 ingenti.
705 3015 768 3077 quo
792 2994 923 3078 cognito
943 2994 1129 3059 abscessere
1156 2997 1209 3062 la-

176 3083 287 3144 trones
310 3079 402 3144 nulla
425 3102 459 3144 re
484 3081 624 3164 amplius
641 3083 847 3146 memorabili
867 3087 969 3166 gesta,
993 3085 1207 3169 dispersique

175 3171 213 3232 ut
237 3167 344 3232 solent
368 3169 442 3234 auia
464 3169 625 3234 montium
648 3171 771 3255 petiere
795 3172 963 3236 celsorum

245 3384 258 3430 l
278 3377 321 3430 cal
322 3377 444 3445 ydcanni
460 3379 511 3433 VP
555 3379 722 3434 tliticinum
735 3380 763 3435 A
774 3379 921 3434 laticinum
939 3380 990 3436 VP
1007 3381 1153 3437 latronum
1167 3384 1206 3454 by

176 3451 207 3498 16
224 3445 312 3499 locari
329 3447 494 3500 cunctorum
511 3447 539 3500 A
556 3445 682 3516 locarutq
696 3449 859 3502 cunctorum
881 3447 906 3500 V
920 3448 1008 3504 locari
1030 3450 1204 3506 cunctorum

174 3513 305 3567 locarunt
326 3515 369 3567 Pr
386 3517 449 3568 loca
466 3516 568 3569 cuncta
585 3504 731 3570 conlocare
752 3515 778 3569 G
846 3521 880 3569 20
897 3517 1068 3586 proripuisse
1091 3518 1203 3586 [1113

175 3580 230 3636 zur.
262 3581 351 3635 terius
369 3581 497 3649 (interius
518 3583 665 3706 ValesiasV)
717 3590 750 3638 24
768 3583 831 3637 cibo
853 3583 904 3638 VP
956 3591 989 3638 29
1007 3585 1158 3642 contractu
1176 3586 1207 3642 V

177 3663 228 3700 eon
240 3648 336 3702 raetus
352 3649 396 3704 Pr
464 3656 497 3705 33
514 3651 613 3720 petere
659 3653 687 3705 P
