2530 3922
162 157 201 212 Vl
596 155 812 213 PRAEFATIO.

160 299 290 366 elicitur
316 321 356 364 ex
378 299 464 365 libro
488 297 610 366 XVIII.
656 301 776 366 Postea
789 299 940 367 Ursicino
963 302 1055 367 iussu
1073 300 1178 390 Impe-

160 389 280 455 ratoris
301 389 522 454 Mediolanum
546 391 659 473 accite,
682 387 892 456 Marcellinus
916 412 1044 476 quoque
1066 394 1178 456 noster

159 501 226 544 una
253 500 327 544 cum
355 500 392 544 eo
420 477 455 542 in
484 477 618 545 Italiam
645 479 749 563 venit,
782 477 963 546 Consulatu
991 477 1178 546 Constantii

163 568 303 652 septimo
336 571 369 632 et
401 564 588 633 Constantii
619 567 710 634 Galli
741 569 850 654 tertio,
883 569 939 654 qui
971 591 1074 634 annus
1108 573 1178 634 erat

160 656 236 723 354.
266 655 398 721 Natalis
430 656 606 722 Dominioi.
651 656 749 724 Anno
779 662 890 723 autem
922 658 1071 744 sequenti
1104 681 1178 723 oum

159 745 245 811 idem
273 744 443 810 Ursicinus
473 746 513 811 ad
542 746 789 831 opprimendam
817 745 944 817 Silvani
971 747 1178 832 tyrannidem

160 857 180 899 a
203 831 396 900 Constantio
426 833 613 900 mitteretur
641 835 677 900 in
699 835 834 920 Gallias,
857 835 1071 902 Ammianum
1093 835 1179 901 Mar-

86 924 89 928 ’
159 923 313 989 collinum
336 945 497 988 unacum
521 924 595 990 aliis
619 929 785 1008 spectatae
807 925 988 991 industriae
1011 925 1178 991 Protecto-

158 1011 250 1077 ribus
278 1035 388 1077 secum
416 1012 516 1078 duxit.
575 1013 732 1080 Extincto
763 1015 857 1080 breui
886 1013 1032 1098 silvane,
1056 1013 1178 1080 Ursici-

157 1123 219 1166 nus
253 1101 443 1186 aliquandiu
471 1102 620 1168 detentus
651 1103 760 1169 estin
784 1103 916 1169 Galliis:
939 1104 1178 1188 tandemquea

158 1187 352 1256 Constantio
391 1188 548 1256 Sirmium
585 1196 752 1277 evocatus,
792 1192 891 1277 paulo
932 1197 1009 1277 post
1050 1191 1177 1258 reddita

159 1277 346 1363 Magisterii
369 1279 530 1364 dignitate
554 1281 589 1346 in
612 1279 780 1347 Orientem
803 1282 958 1346 remissus
982 1286 1042 1366 111,
1064 1281 1176 1346 iuncto

159 1371 197 1434 ut
234 1372 331 1434 antea
366 1367 569 1435 Marcellino.
614 1369 667 1434 Ibi
704 1393 787 1456 quae
823 1369 1034 1435 Marcellmus
1065 1374 1178 1435 noster

161 1457 314 1542 gesserit,
344 1457 462 1541 quibus
491 1459 527 1524 in
552 1459 687 1543 praeliis
716 1459 1006 1544 obsidionibusque
1029 1463 1177 1524 versatus

160 1547 214 1630 sit,
238 1568 318 1630 quas
342 1546 526 1631 legationes
550 1548 678 1632 obierit,
703 1549 807 1614 satius
831 1569 868 1613 ao
884 1547 1054 1614 iucundius
1078 1547 1178 1612 fuerit

160 1656 199 1700 ex
236 1635 339 1719 ipsius
382 1637 570 1701 narratione
613 1659 712 1722 quam
747 1637 869 1702 nostris
902 1636 1010 1701 verbis
1043 1635 1177 1700 discere.

158 1723 240 1790 Post
271 1723 399 1789 obitum
432 1721 617 1790 Constantii
646 1725 793 1791 Iulianus
824 1747 934 1790 rerum
961 1725 1100 1809 potitus,
1130 1725 1178 1789 in-

160 1813 253 1898 genti
277 1817 440 1897 apparatu
461 1814 586 1879 bellum
608 1814 723 1880 intulit
736 1813 853 1878 Persis.
899 1811 960 1879 Oui
979 1814 1178 1899 expeditioni

157 1924 191 1968 se
224 1901 415 1968 interfuisse
446 1901 657 1968 Marcellinus
688 1907 801 1968 noster
833 1901 985 1968 affirmat.
1031 1901 1178 1968 Valenti·

155 1991 254 2057 niano
278 1992 392 2057 deinde
416 1995 449 2056 et
471 1991 612 2057 Valente
635 1992 849 2078 regnantibus
874 1991 951 2076 quid
975 1993 1094 2078 egerit,
1119 1996 1176 2056 aut

157 2081 198 2146 ad
225 2103 322 2164 quarn
355 2080 550 2164 dignitatem
577 2085 746 2165 promotus
775 2081 893 2163 1111111,
922 2081 1076 2165 quoniam
1105 2080 1174 2164 ipse

155 2169 271 2254 tacuit,
307 2170 481 2236 obscurum
519 2174 578 2236 est.
622 2169 761 2236 Videtur
797 2174 918 2253 tamen,
956 2171 985 2234 si
1017 2170 1180 2248 coniicere

158 2257 249 2342 11111,
281 2262 354 2324 tum
375 2255 502 2324 'relicta
539 2259 660 2324 militia
696 2259 737 2325 ad
774 2259 878 2324 otium
916 2281 950 2324 se
987 2259 1176 2324 contulisse.

156 2344 253 2413 Oerte
280 2347 435 2414 Valentis
473 2348 676 2432 temporibus
715 2349 794 2432 quin
830 2347 1027 2413 Antioohiae
1063 2343 1177 2434 (quarn

157 2437 226 2501 eius
249 2438 390 2520 patriam
413 2437 514 2502 fuisse
538 2434 620 2523 dixi)
635 2441 854 2502 commoratus
869 2437 921 2521 sit,
945 2436 1087 2502 dubitari
1110 2458 1177 2501 non

156 2529 276 2608 potest.
325 2525 412 2590 Nam
435 2525 470 2589 in
492 2526 578 2590 libro
601 2523 712 2589 XXIX
735 2547 760 2590 1.
786 2527 813 2590 1.
839 2525 897 2590 ubi
920 2525 1176 2591 coniurationem

156 2614 250 2678 illam
281 2612 445 2678 Theodori
473 2617 721 2698 commemorat,
755 2635 836 2698 quae
864 2613 1060 2679 Antiochiae
1086 2619 1177 2699 pate·

158 2701 246 2768 facta
281 2702 380 2769 simul
412 2706 446 2767 et
476 2701 642 2768 vindicata
674 2706 733 2787 est,
764 2702 816 2768 his
849 2703 957 2767 verbis
985 2703 1104 2769 utitur:
1126 2702 1176 2767 llt

158 2792 341 2876 quoniam
370 2791 501 2857 addici
527 2795 617 2875 post
644 2791 883 2857 cruciabiles
911 2813 1057 2876 poenas
1077 2789 1176 2856 ‘vidi-

158 2901 241 2944 mus
264 2882 426 2967 multos‚
450 2880 671 2946 summatim
698 2877 809 2967 (quia
831 2903 900 2945 nos
923 2879 1176 2964 penitissima

157 2971 359 3052 gestorum
387 2969 575 3034 memoria
607 2965 731 3055 fugit)
760 2991 855 3054 quae
883 2969 1060 3034 recolere
1089 2991 1176 3054 pos-

157 3079 287 3122 sumus
310 3058 534 3142 expeditius
558 3057 823 3122 absolvemus.
869 3057 996 3134 Quibus
1020 3058 1177 3123 accedunt

158 3167 196 3210 ea
220 3168 302 3230 quae
325 3146 411 3212 infra
433 3147 513 3211 dicit
535 3147 571 3212 in
594 3147 706 3213 eodem
730 3146 825 3230 libro,
850 3146 940 3211 etin
963 3145 1050 3210 libro
1073 3143 1176 3210 XXX.

156 3233 314 3300 Gratiano
346 3235 477 3300 demum
509 3257 546 3300 ao
578 3233 812 3302 Valentiniano
845 3233 976 3300 Iuniore
1009 3239 1042 3299 et
1072 3234 1176 3300 Thec-

157 3323 249 3388 dosio
273 3323 372 3388 simul
395 3324 642 3408 imperantibus,
665 3323 876 3390 Marcellinus
901 3321 1034 3389 Oriente
1058 3321 1175 3389 relicto

154 3410 297 3514 Romam
319 3412 491 3498 migravit:
515 3435 613 3515 quam
637 3413 677 3478 ob
702 3435 843 3495 causam,
866 3416 899 3476 et
923 3416 1036 3478 utrum
1051 3435 1071 3478 a
1084 3411 1176 3514 Prin-

156 3521 231 3655 tt
251 3501 707 3676 1111111111
720 3498 1176 3674 solidamento,
