2530 3922
279 150 530 210 CONSTANTIVS
549 155 595 210 ΕΤ
615 153 760 210 GALLVS
780 161 829 211 353
1012 158 1052 225 27

69 295 208 360 inmodice
230 297 449 384 scrutabatur,
476 321 519 366 an
547 300 704 385 quaedam
728 302 848 367 altiora
871 302 1059 370 meditantis

69 385 123 448 iam
146 383 229 450 Galli
260 391 383 453 secreta
417 389 618 475 susceperint
645 391 780 475 scripta,
813 391 869 477 qui
897 394 1059 480 conpertis

68 474 239 540 Antiochiae
262 477 364 560 gestis
387 499 445 564 per
468 479 627 546 minorem
640 479 829 546 Armeniam
853 482 965 567 lapsus
980 480 1060 548 Con·

70 564 293 649 stantinopolim
314 567 399 652 petit
413 567 590 656 exindeque
607 590 667 653 per
684 575 884 654 protectores
899 575 1059 638 retractus

50 652 209 718 surdissime
231 656 412 722 tenebatur.

140 743 186 808 20.
197 743 285 820 Quae
299 745 376 811 dum
389 747 438 812 ita
454 751 631 833 struuntur,
645 748 823 814 indicatum
837 754 887 815 est
902 751 987 835 apud
997 751 1062 836 Ty-

69 854 124 896 rum
139 831 358 900 indumentum
371 836 482 922 regale
505 840 632 902 textum
654 839 788 922 occulte,
812 839 972 906 incertum
996 863 1058 925 quo

69 921 172 986 locante
198 923 251 987 uel
280 924 370 988 cuius
395 926 506 992 usibus
538 930 740 1014 apparatum.
785 927 921 1013 ideoque
952 934 1059 994 rector

68 1011 228 1092 prouinciae
250 1017 329 1078 tuno
350 1018 445 1098 pater
465 1014 669 1101 Apollinaris
693 1016 835 1082 eiusdem
857 1017 999 1082 nominis
1023 1023 1059 1083 ut

43 1115 59 1153 1⁰
69 1101 189 1166 conscius
212 1102 328 1168 ductus
357 1107 408 1168 est
431 1105 552 1190 aliique
576 1106 768 1190 congregati
796 1111 872 1172 sunt
895 1128 934 1172 ex
957 1107 1059 1172 diuer-

68 1188 100 1252 sis
120 1189 302 1257 ciuitatibus
325 1193 433 1278 multi,
458 1195 512 1280 qui
537 1195 695 1260 atrocium
719 1196 890 1261 criminum
913 1197 1059 1281 ponderi-

67 1277 112 1341 bus
131 1281 336 1364 urgebantur.

135 1369 322 1456 bilemque
332 1372 847 1458 lituiscladiumooncrepantibus
857 1374 1059 1439 internarum

66 1477 116 1520 uon
139 1459 237 1524 celate
265 1463 303 1525 ut
330 1465 426 1526 antea
453 1462 620 1527 turbidum
647 1463 816 1528 saeuiebat
843 1463 1012 1547 ingenium
1040 1487 1059 1527 a

42 1547 119 1610 sueri
138 1550 393 1616 consideratione
416 1551 581 1616 detortum
604 1555 636 1616 et
650 1552 742 1616 nullo
766 1551 983 1636 impositorum
1006 1553 1059 1616 uel

67 1639 286 1720 compositorum
307 1641 404 1706 fidem
427 1639 630 1706 sollemniter
653 1641 838 1726 inquirente
860 1662 920 1706 nec
943 1642 1060 1706 discer-

66 1729 141 1790 nente
162 1751 180 1792 a
203 1729 361 1795 societate
383 1730 555 1796 noxiorum
577 1731 722 1796 insontes
746 1731 837 1795 uelut
851 1731 1060 1796 exturbatum

66 1815 211 1882 eiudiciis
244 1819 296 1883 fas
329 1841 424 1885 omne
452 1819 613 1905 discessit,
646 1823 679 1884 et
709 1841 881 1886 causarum
909 1820 1059 1904 legitima

67 1904 159 1970 silente
179 1907 368 1973 defensione
391 1909 533 1974 carnifex
555 1910 744 1994 rapinarum
767 1913 932 1994 sequester
956 1913 988 1974 et
1005 1910 1060 1974 ob-

41 1992 151 2060 eductio
174 1997 320 2081 capitum
343 2001 376 2062 et
403 1997 562 2064 bonorum
584 1999 704 2085 ubique
727 1999 879 2064 multatio
908 1998 1060 2063 uersaba-

67 2085 105 2145 lur
122 2107 175 2167 per
188 2087 367 2152 orientales
381 2088 577 2172 prouincias,
601 2110 681 2173 quas
695 2109 861 2152 recensere
879 2091 959 2172 puto
974 2109 1059 2151 nuno

67 2178 235 2254 oportunum
270 2177 392 2262 absque
420 2175 660 2261 Mesopotamia
691 2177 832 2262 digesta,
865 2197 938 2242 cum
970 2176 1059 2240 bella

67 2259 194 2330 Parthica
208 2265 404 2352 dicerentur,
428 2270 461 2330 et
474 2264 638 2352 Aegypto,
661 2288 759 2351 quam
772 2265 955 2332 necessario
971 2264 1060 2328 aliud

66 2349 139 2416 reieci
160 2354 199 2419 ad
223 2358 362 2440 tempus.
776 2430 781 2440 ‚

41 2449 58 2485 2⁵
135 2439 164 2508 8.
182 2443 210 2509 1.
225 2442 396 2529 Superatis
411 2444 512 2510 Tauri
526 2445 647 2510 montis
662 2445 839 2509 uerticibus
855 2443 910 2528 qui
924 2441 965 2506 ad
980 2441 1059 2506 solis

68 2531 152 2596 ortum
173 2533 348 2598 sublimius
372 2534 578 2618 attolluntur,
601 2532 717 2599 Cilicia
741 2531 856 2617 spatiis
879 2530 1060 2615 porrigitur

67 2614 116 2681 late
134 2621 285 2686 distentis
299 2623 391 2688 diues
405 2624 500 2689 bonis
516 2623 666 2688 omnibus
689 2625 786 2705 terra,
811 2622 943 2706 eiusque
962 2620 1061 2684 lateri

66 2704 155 2774 dextro
178 2711 305 2777 adnexa
328 2711 465 2798 Isauria,
487 2713 560 2797 pari
585 2715 671 2777 sorte
694 2710 788 2776 uberi
810 2711 946 2795 palmite
970 2709 1061 2794 uiget

67 2799 90 2856 rt
107 2797 248 2884 frugibus
274 2801 421 2886 minutis,
445 2824 543 2888 quam
565 2801 706 2866 mediam
728 2800 917 2884 nauigabile
941 2799 1062 2864 flumen

40 2893 57 2931 ³0
68 2880 247 2970 Calycadnus
263 2891 476 2956 interscindit.
500 2891 529 2954 2.
554 2894 587 2954 et
604 2890 689 2954 hanc
708 2889 839 2974 quidem
856 2891 987 2972 praeter
1007 2908 1061 2970 op-

68 2974 126 3053 pida
137 2979 239 3044 multa
254 2980 335 3045 duae
350 2981 500 3045 ciuitates
516 2983 673 3044 exornant
684 2975 832 3043 Seleucia
843 2998 923 3061 opus
935 2973 1061 3040 Seleuci

68 3065 145 3150 regis,
166 3073 197 3132 et
212 3067 437 3152 Claudiopolis
453 3090 551 3153 quarn
574 3067 705 3132 deduxit
728 3067 892 3132 coloniam
906 3062 1060 3130 Claudius

68 3147 173 3221 Caesar.
218 3157 335 3223 Isaura
366 3158 453 3222 enim
485 3157 623 3222 antehac
653 3156 792 3220 nimiunn
821 3159 951 3240 potens,
982 3154 1062 3218 olim

72 3286 264 3304 *Qu——

120 3352 208 3418 Aper
234 3353 286 3421 bpu
308 3366 358 3404 ora.
385 3348 411 3403 V
478 3355 510 3404 14
536 3364 593 3402 nou
615 3347 705 3402 celate
731 3347 757 3402 G
787 3346 950 3402 conselatae
977 3344 1062 3399 VPbo

70 3415 93 3464 ts
106 3412 239 3484 legitimas
257 3419 373 3474 silentes
389 3416 416 3470 V
447 3423 480 3474 23
493 3415 655 3471 dicerentur
669 3415 695 3468 G
713 3415 806 3494 [luna
819 3415 995 3534 linquantur
1011 3411 1063 3465 VP

70 3483 95 3532 ‘A
109 3481 198 3552 [lanu
215 3487 281 3559 lieu]
308 3487 344 3540 ad
370 3485 422 3540 VP
490 3485 542 3540 *28
565 3484 645 3537 sonte
671 3483 698 3536 V
763 3483 845 3560 urget
900 3484 908 3516 ¹
931 3482 1006 3535 niret
1027 3479 1063 3531 Vt

68 3546 131 3616 Pboo
155 3559 203 3609 -29
220 3555 336 3610 minutis
353 3553 453 3622 scripsi
470 3553 541 3620 (coll.
559 3558 601 3619 23,
619 3557 645 3619 6,
662 3554 705 3616 41)
724 3549 916 3628 multrscodd.
964 3553 996 3602 32
1016 3548 1063 3602 rie-

70 3612 137 3673 duxit
153 3621 178 3674 G
195 3622 294 3678 eduxit
314 3621 400 3678 VPbu
469 3628 501 3677 33
519 3620 645 3675 namium
667 3618 718 3674 VP
735 3633 879 3672 moenium
897 3616 929 3686 tp
