<?xml version="1.0" encoding="UTF-8"?>
<!DOCTYPE html PUBLIC "-//W3C//DTD XHTML 1.0 Transitional//EN"
    "http://www.w3.org/TR/xhtml1/DTD/xhtml1-transitional.dtd">
<html xmlns="http://www.w3.org/1999/xhtml" xml:lang="en" lang="en">
 <head>
  <title>
</title>
<meta http-equiv="Content-Type" content="text/html;charset=utf-8" />
  <meta name='ocr-system' content='tesseract 3.04.00' />
  <meta name='ocr-capabilities' content='ocr_page ocr_carea ocr_par ocr_line ocrx_word'/>
</head>
<body>
  <div class='ocr_page' id='page_1' title='image "ammianimarcelli01marcgoog_0139.png"; bbox 0 0 2430 3928; ppageno 0'>
   <div class='ocr_carea' id='block_1_1' title="bbox 168 171 818 240">
    <p class='ocr_par' dir='ltr' id='par_1_1' title="bbox 168 171 818 240">
     <span class='ocr_line' id='line_1_1' title="bbox 168 171 818 240; baseline 0.002 -15"><span class='ocrx_word' id='word_1_1' title='bbox 168 175 234 240; x_wconf 77' lang='lat'><strong>105</strong></span> <span class='ocrx_word' id='word_1_2' title='bbox 572 171 637 227; x_wconf 79' lang='lat' dir='ltr'><strong>xvi</strong></span> <span class='ocrx_word' id='word_1_3' title='bbox 656 178 697 240; x_wconf 78' lang='lat' dir='ltr'><strong>re,</strong></span> <span class='ocrx_word' id='word_1_4' title='bbox 716 178 818 228; x_wconf 71' lang='lat' dir='ltr'><strong>re-su</strong></span> 
     </span>
    </p>
   </div>
   <div class='ocr_carea' id='block_1_2' title="bbox 123 314 1201 3083">
    <p class='ocr_par' dir='ltr' id='par_1_2' title="bbox 123 314 1202 3083">
     <span class='ocr_line' id='line_1_2' title="bbox 171 314 1172 402; baseline -0.004 -18"><span class='ocrx_word' id='word_1_5' title='bbox 171 319 319 384; x_wconf 88' lang='lat' dir='ltr'><strong>imitatus</strong></span> <span class='ocrx_word' id='word_1_6' title='bbox 352 317 444 382; x_wconf 89' lang='lat' dir='ltr'><strong>salua</strong></span> <span class='ocrx_word' id='word_1_7' title='bbox 471 317 654 382; x_wconf 84' lang='lat' dir='ltr'><strong>differentia</strong></span> <span class='ocrx_word' id='word_1_8' title='bbox 681 319 825 382; x_wconf 88' lang='lat' dir='ltr'><strong>ueterem</strong></span> <span class='ocrx_word' id='word_1_9' title='bbox 855 314 995 402; x_wconf 79' lang='lat' dir='ltr'><strong>Syllam,</strong></span> <span class='ocrx_word' id='word_1_10' title='bbox 1029 316 1083 400; x_wconf 90' lang='lat' dir='ltr'><strong>qui</strong></span> <span class='ocrx_word' id='word_1_11' title='bbox 1112 337 1172 380; x_wconf 87' lang='lat' dir='ltr'><strong>cun</strong></span> 
     </span>
     <span class='ocr_line' id='line_1_3' title="bbox 171 405 1172 490; baseline -0.005 -17"><span class='ocrx_word' id='word_1_12' title='bbox 171 411 286 473; x_wconf 87' lang='lat' dir='ltr'><strong>contra</strong></span> <span class='ocrx_word' id='word_1_13' title='bbox 308 405 506 472; x_wconf 80' lang='lat' dir='ltr'>Archelaum</span> <span class='ocrx_word' id='word_1_14' title='bbox 528 405 732 472; x_wconf 88' lang='lat' dir='ltr'><strong>Mithridatis</strong></span> <span class='ocrx_word' id='word_1_15' title='bbox 757 406 871 472; x_wconf 88' lang='lat' dir='ltr'><strong>ducem</strong></span> <span class='ocrx_word' id='word_1_16' title='bbox 884 406 1001 471; x_wconf 86' lang='lat' dir='ltr'><strong>educta</strong></span> <span class='ocrx_word' id='word_1_17' title='bbox 1015 405 1082 470; x_wconf 85' lang='lat' dir='ltr'><strong>acie</strong></span> <span class='ocrx_word' id='word_1_18' title='bbox 1095 425 1172 490; x_wconf 87' lang='lat' dir='ltr'><strong>prce-</strong></span> 
     </span>
     <span class='ocr_line' id='line_1_4' title="bbox 168 495 1172 582; baseline -0.004 -20"><span class='ocrx_word' id='word_1_19' title='bbox 168 497 217 562; x_wconf 92' lang='lat' dir='ltr'><strong>lio</strong></span> <span class='ocrx_word' id='word_1_20' title='bbox 248 496 452 582; x_wconf 78' lang='lat' dir='ltr'><strong>fatigabatur</strong></span> <span class='ocrx_word' id='word_1_21' title='bbox 484 496 625 580; x_wconf 77' lang='lat' dir='ltr'><strong>ardenti,</strong></span> <span class='ocrx_word' id='word_1_22' title='bbox 656 495 792 561; x_wconf 85' lang='lat' dir='ltr'><strong>relictus</strong></span> <span class='ocrx_word' id='word_1_23' title='bbox 825 517 845 560; x_wconf 90' lang='lat' dir='ltr'><strong>a</strong></span> <span class='ocrx_word' id='word_1_24' title='bbox 872 495 1035 560; x_wconf 79' lang='lat' dir='ltr'><strong>militibus</strong></span> <span class='ocrx_word' id='word_1_25' title='bbox 1063 495 1172 560; x_wconf 88' lang='lat' dir='ltr'><strong>cunctis</strong></span> 
     </span>
     <span class='ocr_line' id='line_1_5' title="bbox 170 583 1172 670; baseline -0.004 -18"><span class='ocrx_word' id='word_1_26' title='bbox 170 585 314 652; x_wconf 87' lang='lat' dir='ltr'><strong>cucurrit</strong></span> <span class='ocrx_word' id='word_1_27' title='bbox 349 585 385 651; x_wconf 90' lang='lat' dir='ltr'><strong>in</strong></span> <span class='ocrx_word' id='word_1_28' title='bbox 420 585 566 652; x_wconf 82' lang='lat' dir='ltr'><strong>ordinem</strong></span> <span class='ocrx_word' id='word_1_29' title='bbox 603 586 747 669; x_wconf 88' lang='lat' dir='ltr'><strong>primum</strong></span> <span class='ocrx_word' id='word_1_30' title='bbox 780 589 940 670; x_wconf 87' lang='lat' dir='ltr'><strong>raptoque</strong></span> <span class='ocrx_word' id='word_1_31' title='bbox 973 587 1007 650; x_wconf 86' lang='lat' dir='ltr'><strong>et</strong></span> <span class='ocrx_word' id='word_1_32' title='bbox 1043 583 1172 650; x_wconf 86' lang='lat' dir='ltr'><strong>coniecto</strong></span> 
     </span>
     <span class='ocr_line' id='line_1_6' title="bbox 170 673 1189 758; baseline -0.008 -17"><span class='ocrx_word' id='word_1_33' title='bbox 170 675 292 742; x_wconf 85' lang='lat' dir='ltr'><strong>uexillo</strong></span> <span class='ocrx_word' id='word_1_34' title='bbox 316 675 352 739; x_wconf 89' lang='lat' dir='ltr'><strong>in</strong></span> <span class='ocrx_word' id='word_1_35' title='bbox 373 678 501 758; x_wconf 86' lang='lat' dir='ltr'><strong>partem</strong></span> <span class='ocrx_word' id='word_1_36' title='bbox 523 675 679 740; x_wconf 73' lang='lat' dir='ltr'><strong>hostilem</strong></span> <span class='ocrx_word' id='word_1_37' title='bbox 701 673 773 740; x_wconf 84' lang='lat' dir='ltr'><strong>‘ite’</strong></span> <span class='ocrx_word' id='word_1_38' title='bbox 798 675 925 741; x_wconf 83' lang='lat' dir='ltr'><strong>dixerat</strong></span> <span class='ocrx_word' id='word_1_39' title='bbox 941 673 1044 738; x_wconf 65' lang='lat' dir='ltr'><strong>&#39;‘socii</strong></span> <span class='ocrx_word' id='word_1_40' title='bbox 1066 673 1189 758; x_wconf 77' lang='lat' dir='ltr'><strong>pericu-r</strong></span> 
     </span>
     <span class='ocr_line' id='line_1_7' title="bbox 171 759 1173 846; baseline -0.003 -18"><span class='ocrx_word' id='word_1_41' title='bbox 171 764 278 830; x_wconf 88' lang='lat' dir='ltr'><strong>lorum</strong></span> <span class='ocrx_word' id='word_1_42' title='bbox 302 763 399 829; x_wconf 87' lang='lat' dir='ltr'><strong>electi</strong></span> <span class='ocrx_word' id='word_1_43' title='bbox 422 769 456 829; x_wconf 86' lang='lat' dir='ltr'><strong>et</strong></span> <span class='ocrx_word' id='word_1_44' title='bbox 478 765 672 830; x_wconf 87' lang='lat' dir='ltr'><strong>scitantibus</strong></span> <span class='ocrx_word' id='word_1_45' title='bbox 696 765 753 830; x_wconf 88' lang='lat' dir='ltr'><strong>ubi</strong></span> <span class='ocrx_word' id='word_1_46' title='bbox 775 763 910 829; x_wconf 89' lang='lat' dir='ltr'><strong>relictus</strong></span> <span class='ocrx_word' id='word_1_47' title='bbox 926 764 988 829; x_wconf 87' lang='lat' dir='ltr'><strong>sim</strong></span> <span class='ocrx_word' id='word_1_48' title='bbox 1002 759 1173 846; x_wconf 85' lang='lat' dir='ltr'><strong>imperator,</strong></span> 
     </span>
     <span class='ocr_line' id='line_1_8' title="bbox 167 852 1175 938; baseline -0.003 -20"><span class='ocrx_word' id='word_1_49' title='bbox 167 854 363 938; x_wconf 88' lang='lat' dir='ltr'><strong>respondete</strong></span> <span class='ocrx_word' id='word_1_50' title='bbox 386 853 470 918; x_wconf 88' lang='lat' dir='ltr'><strong>nihil</strong></span> <span class='ocrx_word' id='word_1_51' title='bbox 493 854 660 920; x_wconf 82' lang='lat' dir='ltr'><strong>fallentes:</strong></span> <span class='ocrx_word' id='word_1_52' title='bbox 684 855 773 919; x_wconf 90' lang='lat' dir='ltr'><strong>solus</strong></span> <span class='ocrx_word' id='word_1_53' title='bbox 796 854 831 918; x_wconf 91' lang='lat' dir='ltr'><strong>in</strong></span> <span class='ocrx_word' id='word_1_54' title='bbox 849 852 988 919; x_wconf 85' lang='lat' dir='ltr'><strong>Boeotia</strong></span> <span class='ocrx_word' id='word_1_55' title='bbox 1009 872 1070 936; x_wconf 89' lang='lat' dir='ltr'><strong>pro</strong></span> <span class='ocrx_word' id='word_1_56' title='bbox 1090 852 1175 916; x_wconf 87' lang='lat' dir='ltr'><strong>omni-</strong></span> 
     </span>
     <span class='ocr_line' id='line_1_9' title="bbox 171 942 1124 1028; baseline -0.003 -21"><span class='ocrx_word' id='word_1_57' title='bbox 171 943 232 1008; x_wconf 90' lang='lat' dir='ltr'><strong>bus</strong></span> <span class='ocrx_word' id='word_1_58' title='bbox 255 943 351 1008; x_wconf 90' lang='lat' dir='ltr'><strong>nobis</strong></span> <span class='ocrx_word' id='word_1_59' title='bbox 375 965 448 1008; x_wconf 91' lang='lat' dir='ltr'><strong>cum</strong></span> <span class='ocrx_word' id='word_1_60' title='bbox 471 942 639 1027; x_wconf 87' lang='lat' dir='ltr'><strong>dispendio</strong></span> <span class='ocrx_word' id='word_1_61' title='bbox 664 943 832 1028; x_wconf 72' lang='lat' dir='ltr'><strong>sanguinis</strong></span> <span class='ocrx_word' id='word_1_62' title='bbox 856 944 907 1008; x_wconf 87' lang='lat' dir='ltr'><strong>sni</strong></span> <span class='ocrx_word' id='word_1_63' title='bbox 930 942 1124 1008; x_wconf 85' lang='lat' dir='ltr'><strong>decernens&#39;.</strong></span> 
     </span>
     <span class='ocr_line' id='line_1_10' title="bbox 154 1030 1175 1118; baseline -0.004 -22"><span class='ocrx_word' id='word_1_64' title='bbox 154 1079 156 1084; x_wconf 86' lang='lat'>-</span> <span class='ocrx_word' id='word_1_65' title='bbox 260 1031 313 1096; x_wconf 77' lang='lat'><strong>42.</strong></span> <span class='ocrx_word' id='word_1_66' title='bbox 331 1031 471 1096; x_wconf 84' lang='lat' dir='ltr'><strong>Proinde</strong></span> <span class='ocrx_word' id='word_1_67' title='bbox 486 1031 662 1098; x_wconf 88' lang='lat' dir='ltr'><strong>Alamanni</strong></span> <span class='ocrx_word' id='word_1_68' title='bbox 684 1033 788 1117; x_wconf 91' lang='lat' dir='ltr'><strong>pulsis</strong></span> <span class='ocrx_word' id='word_1_69' title='bbox 803 1031 1011 1118; x_wconf 85' lang='lat' dir='ltr'><strong>disiectisque</strong></span> <span class='ocrx_word' id='word_1_70' title='bbox 1026 1030 1175 1116; x_wconf 85' lang='lat' dir='ltr'><strong>equitibus</strong></span> 
     </span>
     <span class='ocr_line' id='line_1_11' title="bbox 170 1119 1195 1206; baseline -0.004 -20"><span class='ocrx_word' id='word_1_71' title='bbox 170 1121 294 1186; x_wconf 91' lang='lat' dir='ltr'><strong>nostris</strong></span> <span class='ocrx_word' id='word_1_72' title='bbox 321 1121 461 1204; x_wconf 80' lang='lat' dir='ltr'><strong>primam</strong></span> <span class='ocrx_word' id='word_1_73' title='bbox 488 1123 591 1187; x_wconf 90' lang='lat' dir='ltr'><strong>aciem</strong></span> <span class='ocrx_word' id='word_1_74' title='bbox 617 1122 764 1206; x_wconf 88' lang='lat' dir='ltr'><strong>peditum</strong></span> <span class='ocrx_word' id='word_1_75' title='bbox 791 1122 1007 1205; x_wconf 84' lang='lat' dir='ltr'><strong>incesserunt,</strong></span> <span class='ocrx_word' id='word_1_76' title='bbox 1036 1141 1107 1185; x_wconf 87' lang='lat' dir='ltr'><strong>eam</strong></span> <span class='ocrx_word' id='word_1_77' title='bbox 1134 1119 1195 1184; x_wconf 73' lang='lat' dir='ltr'><strong>abr</strong></span> 
     </span>
     <span class='ocr_line' id='line_1_12' title="bbox 123 1210 1176 1296; baseline -0.002 -22"><span class='ocrx_word' id='word_1_78' title='bbox 123 1259 125 1264; x_wconf 84' lang='grc'>-</span> <span class='ocrx_word' id='word_1_79' title='bbox 170 1210 256 1274; x_wconf 88' lang='lat' dir='ltr'><strong>iacta</strong></span> <span class='ocrx_word' id='word_1_80' title='bbox 277 1210 451 1276; x_wconf 87' lang='lat' dir='ltr'><strong>resistendi</strong></span> <span class='ocrx_word' id='word_1_81' title='bbox 475 1211 683 1276; x_wconf 85' lang='lat' dir='ltr'><strong>animositate</strong></span> <span class='ocrx_word' id='word_1_82' title='bbox 705 1211 840 1296; x_wconf 83' lang='lat' dir='ltr'><strong>pulsuri.</strong></span> <span class='ocrx_word' id='word_1_83' title='bbox 868 1210 921 1276; x_wconf 81' lang='lat'><strong>43.</strong></span> <span class='ocrx_word' id='word_1_84' title='bbox 936 1211 992 1276; x_wconf 87' lang='lat' dir='ltr'><strong>scd</strong></span> <span class='ocrx_word' id='word_1_85' title='bbox 1014 1215 1176 1294; x_wconf 84' lang='lat' dir='ltr'><strong>postquam</strong></span> 
     </span>
     <span class='ocr_line' id='line_1_13' title="bbox 166 1299 1176 1386; baseline -0.003 -22"><span class='ocrx_word' id='word_1_86' title='bbox 166 1299 351 1366; x_wconf 88' lang='lat' dir='ltr'><strong>comminus</strong></span> <span class='ocrx_word' id='word_1_87' title='bbox 383 1304 517 1365; x_wconf 88' lang='lat' dir='ltr'><strong>uentum</strong></span> <span class='ocrx_word' id='word_1_88' title='bbox 549 1305 611 1385; x_wconf 85' lang='lat' dir='ltr'><strong>ost,</strong></span> <span class='ocrx_word' id='word_1_89' title='bbox 643 1301 850 1386; x_wconf 74' lang='lat' dir='ltr'><strong>pugnabatur</strong></span> <span class='ocrx_word' id='word_1_90' title='bbox 879 1300 1012 1384; x_wconf 84' lang='lat' dir='ltr'><strong>paribus</strong></span> <span class='ocrx_word' id='word_1_91' title='bbox 1040 1299 1098 1364; x_wconf 91' lang='lat' dir='ltr'><strong>diu</strong></span> <span class='ocrx_word' id='word_1_92' title='bbox 1123 1319 1176 1362; x_wconf 91' lang='lat' dir='ltr'><strong>mc·</strong></span> 
     </span>
     <span class='ocr_line' id='line_1_14' title="bbox 166 1386 1177 1473; baseline -0.001 -20"><span class='ocrx_word' id='word_1_93' title='bbox 166 1389 300 1454; x_wconf 84' lang='lat' dir='ltr'><strong>mentis.</strong></span> <span class='ocrx_word' id='word_1_94' title='bbox 346 1386 482 1455; x_wconf 78' lang='lat' dir='ltr'><strong>Cornuti</strong></span> <span class='ocrx_word' id='word_1_95' title='bbox 510 1391 596 1456; x_wconf 89' lang='lat' dir='ltr'><strong>enim</strong></span> <span class='ocrx_word' id='word_1_96' title='bbox 624 1396 658 1454; x_wconf 91' lang='lat' dir='ltr'><strong>et</strong></span> <span class='ocrx_word' id='word_1_97' title='bbox 685 1389 872 1456; x_wconf 82' lang='lat' dir='ltr'><strong>Bracchiati</strong></span> <span class='ocrx_word' id='word_1_98' title='bbox 899 1411 960 1454; x_wconf 91' lang='lat' dir='ltr'><strong>usu</strong></span> <span class='ocrx_word' id='word_1_99' title='bbox 987 1389 1177 1473; x_wconf 87' lang='lat' dir='ltr'><strong>proeliorum</strong></span> 
     </span>
     <span class='ocr_line' id='line_1_15' title="bbox 170 1478 1176 1565; baseline -0.002 -23"><span class='ocrx_word' id='word_1_100' title='bbox 170 1478 323 1544; x_wconf 86' lang='lat' dir='ltr'><strong>diuturno</strong></span> <span class='ocrx_word' id='word_1_101' title='bbox 360 1479 482 1546; x_wconf 85' lang='lat' dir='ltr'><strong>firmati</strong></span> <span class='ocrx_word' id='word_1_102' title='bbox 514 1501 570 1545; x_wconf 92' lang='lat' dir='ltr'><strong>eos</strong></span> <span class='ocrx_word' id='word_1_103' title='bbox 606 1481 673 1546; x_wconf 89' lang='lat' dir='ltr'><strong>iam</strong></span> <span class='ocrx_word' id='word_1_104' title='bbox 705 1484 800 1565; x_wconf 87' lang='lat' dir='ltr'><strong>gestu</strong></span> <span class='ocrx_word' id='word_1_105' title='bbox 833 1483 994 1544; x_wconf 86' lang='lat' dir='ltr'><strong>terrentes</strong></span> <span class='ocrx_word' id='word_1_106' title='bbox 1027 1478 1176 1544; x_wconf 84' lang='lat' dir='ltr'><strong>barritum</strong></span> 
     </span>
     <span class='ocr_line' id='line_1_16' title="bbox 167 1567 1201 1654; baseline -0.003 -22"><span class='ocrx_word' id='word_1_107' title='bbox 167 1567 255 1641; x_wconf 86' lang='lat' dir='ltr'><strong>ciere</strong></span> <span class='ocrx_word' id='word_1_108' title='bbox 278 1569 331 1632; x_wconf 89' lang='lat' dir='ltr'><strong>uel</strong></span> <span class='ocrx_word' id='word_1_109' title='bbox 355 1571 545 1634; x_wconf 86' lang='lat' dir='ltr'><strong>maximum:</strong></span> <span class='ocrx_word' id='word_1_110' title='bbox 569 1569 625 1654; x_wconf 91' lang='lat' dir='ltr'><strong>qui</strong></span> <span class='ocrx_word' id='word_1_111' title='bbox 648 1570 772 1635; x_wconf 88' lang='lat' dir='ltr'><strong>clamor</strong></span> <span class='ocrx_word' id='word_1_112' title='bbox 794 1570 867 1654; x_wconf 89' lang='lat' dir='ltr'><strong>ipso</strong></span> <span class='ocrx_word' id='word_1_113' title='bbox 890 1569 1018 1634; x_wconf 87' lang='lat' dir='ltr'><strong>feruore</strong></span> <span class='ocrx_word' id='word_1_114' title='bbox 1043 1567 1201 1633; x_wconf 72' lang='lat' dir='ltr'><strong>certamin</strong></span> 
     </span>
     <span class='ocr_line' id='line_1_17' title="bbox 169 1657 1178 1743; baseline -0.002 -23"><span class='ocrx_word' id='word_1_115' title='bbox 169 1679 248 1721; x_wconf 90' lang='lat' dir='ltr'><strong>num</strong></span> <span class='ocrx_word' id='word_1_116' title='bbox 272 1679 292 1720; x_wconf 89' lang='lat' dir='ltr'><strong>a</strong></span> <span class='ocrx_word' id='word_1_117' title='bbox 314 1657 405 1723; x_wconf 85' lang='lat' dir='ltr'><strong>tenui</strong></span> <span class='ocrx_word' id='word_1_118' title='bbox 429 1676 559 1724; x_wconf 85' lang='lat' dir='ltr'><strong>susurro</strong></span> <span class='ocrx_word' id='word_1_119' title='bbox 583 1660 732 1724; x_wconf 88' lang='lat' dir='ltr'><strong>exoriens</strong></span> <span class='ocrx_word' id='word_1_120' title='bbox 755 1659 978 1743; x_wconf 76' lang='lat' dir='ltr'><strong>paulatimque</strong></span> <span class='ocrx_word' id='word_1_121' title='bbox 1001 1657 1178 1722; x_wconf 81' lang='lat' dir='ltr'><strong>adulescens</strong></span> 
     </span>
     <span class='ocr_line' id='line_1_18' title="bbox 169 1745 1177 1814; baseline 0.001 -6"><span class='ocrx_word' id='word_1_122' title='bbox 169 1745 237 1809; x_wconf 89' lang='lat' dir='ltr'><strong>ritu</strong></span> <span class='ocrx_word' id='word_1_123' title='bbox 260 1746 430 1811; x_wconf 79' lang='lat' dir='ltr'><strong>extollitur</strong></span> <span class='ocrx_word' id='word_1_124' title='bbox 451 1747 608 1812; x_wconf 86' lang='lat' dir='ltr'><strong>fluctuum</strong></span> <span class='ocrx_word' id='word_1_125' title='bbox 627 1749 775 1814; x_wconf 83' lang='lat' dir='ltr'><strong>cantibus</strong></span> <span class='ocrx_word' id='word_1_126' title='bbox 799 1748 984 1814; x_wconf 89' lang='lat' dir='ltr'><strong>inlisorum:</strong></span> <span class='ocrx_word' id='word_1_127' title='bbox 1008 1747 1177 1812; x_wconf 83' lang='lat' dir='ltr'><strong>iaculorum</strong></span> 
     </span>
     <span class='ocr_line' id='line_1_19' title="bbox 168 1833 1178 1922; baseline 0 -25"><span class='ocrx_word' id='word_1_128' title='bbox 168 1833 285 1898; x_wconf 86' lang='lat' dir='ltr'><strong>deinde</strong></span> <span class='ocrx_word' id='word_1_129' title='bbox 309 1835 517 1901; x_wconf 87' lang='lat' dir='ltr'><strong>stridentium</strong></span> <span class='ocrx_word' id='word_1_130' title='bbox 540 1837 715 1904; x_wconf 77' lang='lat' dir='ltr'><strong>crebritate</strong></span> <span class='ocrx_word' id='word_1_131' title='bbox 738 1837 815 1902; x_wconf 90' lang='lat' dir='ltr'><strong>hinc</strong></span> <span class='ocrx_word' id='word_1_132' title='bbox 840 1837 978 1922; x_wconf 87' lang='lat' dir='ltr'><strong>indeque</strong></span> <span class='ocrx_word' id='word_1_133' title='bbox 993 1835 1178 1902; x_wconf 86' lang='lat' dir='ltr'><strong>conuolantc</strong></span> 
     </span>
     <span class='ocr_line' id='line_1_20' title="bbox 169 1923 1178 2012; baseline -0.002 -25"><span class='ocrx_word' id='word_1_134' title='bbox 169 1923 278 2006; x_wconf 89' lang='lat' dir='ltr'><strong>puluis</strong></span> <span class='ocrx_word' id='word_1_135' title='bbox 302 1925 432 2008; x_wconf 88' lang='lat' dir='ltr'><strong>aequali</strong></span> <span class='ocrx_word' id='word_1_136' title='bbox 454 1930 546 1991; x_wconf 85' lang='lat' dir='ltr'><strong>motu</strong></span> <span class='ocrx_word' id='word_1_137' title='bbox 569 1927 747 2012; x_wconf 81' lang='lat' dir='ltr'><strong>adsurgens</strong></span> <span class='ocrx_word' id='word_1_138' title='bbox 769 1931 803 1991; x_wconf 90' lang='lat' dir='ltr'><strong>et</strong></span> <span class='ocrx_word' id='word_1_139' title='bbox 824 1929 1033 2010; x_wconf 85' lang='lat' dir='ltr'><strong>prospectum</strong></span> <span class='ocrx_word' id='word_1_140' title='bbox 1047 1925 1178 2009; x_wconf 84' lang='lat' dir='ltr'><strong>eripiens</strong></span> 
     </span>
     <span class='ocr_line' id='line_1_21' title="bbox 167 2013 1197 2100; baseline -0.001 -24"><span class='ocrx_word' id='word_1_141' title='bbox 167 2034 262 2076; x_wconf 89' lang='lat' dir='ltr'><strong>arma</strong></span> <span class='ocrx_word' id='word_1_142' title='bbox 286 2013 385 2078; x_wconf 88' lang='lat' dir='ltr'><strong>armis</strong></span> <span class='ocrx_word' id='word_1_143' title='bbox 401 2035 601 2100; x_wconf 87' lang='lat' dir='ltr'><strong>corporaque</strong></span> <span class='ocrx_word' id='word_1_144' title='bbox 625 2017 814 2100; x_wconf 80' lang='lat' dir='ltr'><strong>corporibus</strong></span> <span class='ocrx_word' id='word_1_145' title='bbox 838 2016 1043 2081; x_wconf 87' lang='lat' dir='ltr'><strong>obtrudebat.</strong></span> <span class='ocrx_word' id='word_1_146' title='bbox 1065 2015 1121 2079; x_wconf 83' lang='lat'><strong>44.</strong></span> <span class='ocrx_word' id='word_1_147' title='bbox 1134 2014 1197 2078; x_wconf 77' lang='lat' dir='ltr'><strong>sed:</strong></span> 
     </span>
     <span class='ocr_line' id='line_1_22' title="bbox 169 2100 1180 2189; baseline 0 -25"><span class='ocrx_word' id='word_1_148' title='bbox 169 2100 329 2166; x_wconf 86' lang='lat' dir='ltr'><strong>uiolentia</strong></span> <span class='ocrx_word' id='word_1_149' title='bbox 342 2103 455 2188; x_wconf 89' lang='lat' dir='ltr'><strong>iraque</strong></span> <span class='ocrx_word' id='word_1_150' title='bbox 469 2104 666 2189; x_wconf 77' lang='lat' dir='ltr'><strong>inconpositi</strong></span> <span class='ocrx_word' id='word_1_151' title='bbox 689 2105 821 2170; x_wconf 88' lang='lat' dir='ltr'><strong>barbari</strong></span> <span class='ocrx_word' id='word_1_152' title='bbox 844 2105 880 2169; x_wconf 91' lang='lat' dir='ltr'><strong>in</strong></span> <span class='ocrx_word' id='word_1_153' title='bbox 893 2105 1025 2170; x_wconf 88' lang='lat' dir='ltr'><strong>modum</strong></span> <span class='ocrx_word' id='word_1_154' title='bbox 1039 2125 1180 2169; x_wconf 78' lang='lat' dir='ltr'><strong>exarsere</strong></span> 
     </span>
     <span class='ocr_line' id='line_1_23' title="bbox 169 2189 1182 2279; baseline 0.002 -26"><span class='ocrx_word' id='word_1_155' title='bbox 169 2189 376 2256; x_wconf 87' lang='lat' dir='ltr'><strong>flammarum</strong></span> <span class='ocrx_word' id='word_1_156' title='bbox 401 2212 582 2278; x_wconf 85' lang='lat' dir='ltr'><strong>nexamque</strong></span> <span class='ocrx_word' id='word_1_157' title='bbox 610 2198 777 2260; x_wconf 84' lang='lat' dir='ltr'><strong>scutorum</strong></span> <span class='ocrx_word' id='word_1_158' title='bbox 801 2213 994 2279; x_wconf 68' lang='lat' dir='ltr'><strong>ampsagam,</strong></span> <span class='ocrx_word' id='word_1_159' title='bbox 1023 2215 1107 2278; x_wconf 89' lang='lat' dir='ltr'><strong>qnae</strong></span> <span class='ocrx_word' id='word_1_160' title='bbox 1134 2214 1182 2256; x_wconf 90' lang='lat' dir='ltr'><strong>no-</strong></span> 
     </span>
     <span class='ocr_line' id='line_1_24' title="bbox 169 2281 1181 2366; baseline -0.002 -22"><span class='ocrx_word' id='word_1_161' title='bbox 169 2283 257 2354; x_wconf 86' lang='lat' dir='ltr'><strong>stros</strong></span> <span class='ocrx_word' id='word_1_162' title='bbox 272 2281 306 2346; x_wconf 92' lang='lat' dir='ltr'><strong>in</strong></span> <span class='ocrx_word' id='word_1_163' title='bbox 320 2281 451 2347; x_wconf 90' lang='lat' dir='ltr'><strong>modum</strong></span> <span class='ocrx_word' id='word_1_164' title='bbox 473 2283 647 2348; x_wconf 88' lang='lat' dir='ltr'><strong>testudinis</strong></span> <span class='ocrx_word' id='word_1_165' title='bbox 670 2284 833 2366; x_wconf 85' lang='lat' dir='ltr'><strong>tuebatur,</strong></span> <span class='ocrx_word' id='word_1_166' title='bbox 857 2283 1046 2348; x_wconf 87' lang='lat' dir='ltr'><strong>scindebant</strong></span> <span class='ocrx_word' id='word_1_167' title='bbox 1068 2281 1181 2347; x_wconf 84' lang='lat' dir='ltr'><strong>ictibus</strong></span> 
     </span>
     <span class='ocr_line' id='line_1_25' title="bbox 168 2369 1183 2458; baseline 0.001 -25"><span class='ocrx_word' id='word_1_168' title='bbox 168 2369 356 2453; x_wconf 88' lang='lat' dir='ltr'><strong>gladiorum</strong></span> <span class='ocrx_word' id='word_1_169' title='bbox 371 2371 522 2437; x_wconf 88' lang='lat' dir='ltr'><strong>adsiduis.</strong></span> <span class='ocrx_word' id='word_1_170' title='bbox 545 2372 598 2438; x_wconf 81' lang='lat'><strong>45.</strong></span> <span class='ocrx_word' id='word_1_171' title='bbox 613 2395 677 2458; x_wconf 91' lang='lat' dir='ltr'><strong>qno</strong></span> <span class='ocrx_word' id='word_1_172' title='bbox 692 2373 824 2457; x_wconf 86' lang='lat' dir='ltr'><strong>cognito</strong></span> <span class='ocrx_word' id='word_1_173' title='bbox 840 2372 1038 2456; x_wconf 87' lang='lat' dir='ltr'><strong>opitulatum</strong></span> <span class='ocrx_word' id='word_1_174' title='bbox 1061 2375 1183 2436; x_wconf 88' lang='lat' dir='ltr'><strong>contur-</strong></span> 
     </span>
     <span class='ocr_line' id='line_1_26' title="bbox 168 2459 1201 2544; baseline 0.001 -23"><span class='ocrx_word' id='word_1_175' title='bbox 168 2459 311 2524; x_wconf 89' lang='lat' dir='ltr'><strong>malibus</strong></span> <span class='ocrx_word' id='word_1_176' title='bbox 335 2461 402 2526; x_wconf 89' lang='lat' dir='ltr'><strong>suis</strong></span> <span class='ocrx_word' id='word_1_177' title='bbox 426 2461 524 2526; x_wconf 89' lang='lat' dir='ltr'><strong>celeri</strong></span> <span class='ocrx_word' id='word_1_178' title='bbox 552 2484 647 2527; x_wconf 89' lang='lat' dir='ltr'><strong>cursu</strong></span> <span class='ocrx_word' id='word_1_179' title='bbox 670 2462 789 2528; x_wconf 89' lang='lat' dir='ltr'><strong>Bataui</strong></span> <span class='ocrx_word' id='word_1_180' title='bbox 817 2483 936 2527; x_wconf 89' lang='lat' dir='ltr'><strong>uenere</strong></span> <span class='ocrx_word' id='word_1_181' title='bbox 960 2483 1032 2526; x_wconf 93' lang='lat' dir='ltr'><strong>cum</strong></span> <span class='ocrx_word' id='word_1_182' title='bbox 1055 2460 1201 2544; x_wconf 76' lang='lat' dir='ltr'><strong>regibus:</strong></span> 
     </span>
     <span class='ocr_line' id='line_1_27' title="bbox 169 2546 1183 2634; baseline 0.001 -24"><span class='ocrx_word' id='word_1_183' title='bbox 169 2582 214 2592; x_wconf 88' lang='lat'><strong>—-</strong></span> <span class='ocrx_word' id='word_1_184' title='bbox 236 2546 454 2614; x_wconf 85' lang='lat' dir='ltr'><strong>formidabilis</strong></span> <span class='ocrx_word' id='word_1_185' title='bbox 477 2573 606 2634; x_wconf 84' lang='lat' dir='ltr'><strong>manus,</strong></span> <span class='ocrx_word' id='word_1_186' title='bbox 631 2556 795 2616; x_wconf 82' lang='lat' dir='ltr'><strong>extremae</strong></span> <span class='ocrx_word' id='word_1_187' title='bbox 817 2551 1023 2617; x_wconf 84' lang='lat' dir='ltr'><strong>necessitatis</strong></span> <span class='ocrx_word' id='word_1_188' title='bbox 1048 2548 1183 2615; x_wconf 84' lang='lat' dir='ltr'><strong>articulo</strong></span> 
     </span>
     <span class='ocr_line' id='line_1_28' title="bbox 166 2635 1184 2726; baseline 0.001 -28"><span class='ocrx_word' id='word_1_189' title='bbox 166 2635 417 2721; x_wconf 82' lang='lat' dir='ltr'><strong>circumuentos,</strong></span> <span class='ocrx_word' id='word_1_190' title='bbox 441 2639 469 2703; x_wconf 89' lang='lat' dir='ltr'><strong>si</strong></span> <span class='ocrx_word' id='word_1_191' title='bbox 492 2640 630 2705; x_wconf 80' lang='lat' dir='ltr'><strong>iuuisret</strong></span> <span class='ocrx_word' id='word_1_192' title='bbox 653 2640 730 2724; x_wconf 86' lang='lat' dir='ltr'><strong>fors,</strong></span> <span class='ocrx_word' id='word_1_193' title='bbox 754 2645 905 2726; x_wconf 87' lang='lat' dir='ltr'><strong>ereptura</strong></span> <span class='ocrx_word' id='word_1_194' title='bbox 929 2677 971 2686; x_wconf 91' lang='lat'><strong>—</strong></span> <span class='ocrx_word' id='word_1_195' title='bbox 993 2644 1184 2722; x_wconf 82' lang='lat' dir='ltr'><strong>toruumque</strong></span> 
     </span>
     <span class='ocr_line' id='line_1_29' title="bbox 169 2725 1184 2796; baseline 0.004 -8"><span class='ocrx_word' id='word_1_196' title='bbox 169 2725 361 2791; x_wconf 78' lang='lat' dir='ltr'><strong>canentibus</strong></span> <span class='ocrx_word' id='word_1_197' title='bbox 372 2727 516 2792; x_wconf 89' lang='lat' dir='ltr'><strong>classicis</strong></span> <span class='ocrx_word' id='word_1_198' title='bbox 527 2729 647 2795; x_wconf 88' lang='lat' dir='ltr'><strong>adultis</strong></span> <span class='ocrx_word' id='word_1_199' title='bbox 658 2730 783 2796; x_wconf 89' lang='lat' dir='ltr'><strong>uiribus</strong></span> <span class='ocrx_word' id='word_1_200' title='bbox 794 2731 988 2796; x_wconf 84' lang='lat' dir='ltr'><strong>certabatur.</strong></span> <span class='ocrx_word' id='word_1_201' title='bbox 1006 2729 1059 2794; x_wconf 85' lang='lat'><strong>46.</strong></span> <span class='ocrx_word' id='word_1_202' title='bbox 1075 2749 1184 2794; x_wconf 88' lang='lat' dir='ltr'><strong>uerum</strong></span> 
     </span>
     <span class='ocr_line' id='line_1_30' title="bbox 148 2812 1184 2900; baseline 0.001 -22"><span class='ocrx_word' id='word_1_203' title='bbox 148 2812 347 2900; x_wconf 83' lang='lat' dir='ltr'><strong>¹Alamanni</strong></span> <span class='ocrx_word' id='word_1_204' title='bbox 378 2816 467 2882; x_wconf 91' lang='lat' dir='ltr'><strong>bella</strong></span> <span class='ocrx_word' id='word_1_205' title='bbox 495 2819 648 2884; x_wconf 89' lang='lat' dir='ltr'><strong>alacriter</strong></span> <span class='ocrx_word' id='word_1_206' title='bbox 679 2821 827 2886; x_wconf 78' lang='lat' dir='ltr'><strong>ineuntes</strong></span> <span class='ocrx_word' id='word_1_207' title='bbox 861 2819 960 2884; x_wconf 88' lang='lat' dir='ltr'><strong>altius</strong></span> <span class='ocrx_word' id='word_1_208' title='bbox 988 2817 1184 2884; x_wconf 85' lang='lat' dir='ltr'><strong>anhelabant</strong></span> 
     </span>
     <span class='ocr_line' id='line_1_31' title="bbox 145 2903 1201 2994; baseline 0.002 -27"><span class='ocrx_word' id='word_1_209' title='bbox 145 2907 146 2914; x_wconf 74' lang='grc'>’</span> <span class='ocrx_word' id='word_1_210' title='bbox 169 2903 261 2968; x_wconf 88' lang='lat' dir='ltr'><strong>uelut</strong></span> <span class='ocrx_word' id='word_1_211' title='bbox 285 2905 423 2990; x_wconf 90' lang='lat' dir='ltr'><strong>quodam</strong></span> <span class='ocrx_word' id='word_1_212' title='bbox 446 2907 567 2972; x_wconf 85' lang='lat' dir='ltr'><strong>furoris</strong></span> <span class='ocrx_word' id='word_1_213' title='bbox 591 2909 720 2975; x_wconf 64' lang='lat' dir='ltr'><strong>adfemu</strong></span> <span class='ocrx_word' id='word_1_214' title='bbox 744 2909 896 2994; x_wconf 85' lang='lat' dir='ltr'><strong>opposita</strong></span> <span class='ocrx_word' id='word_1_215' title='bbox 914 2908 1023 2974; x_wconf 85' lang='lat' dir='ltr'><strong>omnia</strong></span> <span class='ocrx_word' id='word_1_216' title='bbox 1037 2906 1201 2972; x_wconf 85' lang='lat' dir='ltr'><strong>deleturi.</strong></span> 
     </span>
     <span class='ocr_line' id='line_1_32' title="bbox 169 2993 1186 3083; baseline 0.004 -29"><span class='ocrx_word' id='word_1_217' title='bbox 169 2993 296 3074; x_wconf 89' lang='lat' dir='ltr'><strong>spicula</strong></span> <span class='ocrx_word' id='word_1_218' title='bbox 322 2999 434 3060; x_wconf 89' lang='lat' dir='ltr'><strong>tamen</strong></span> <span class='ocrx_word' id='word_1_219' title='bbox 456 3001 652 3083; x_wconf 87' lang='lat' dir='ltr'><strong>uerrntaque</strong></span> <span class='ocrx_word' id='word_1_220' title='bbox 675 2999 815 3064; x_wconf 88' lang='lat' dir='ltr'><strong>missilia</strong></span> <span class='ocrx_word' id='word_1_221' title='bbox 837 3019 904 3063; x_wconf 91' lang='lat' dir='ltr'><strong>non</strong></span> <span class='ocrx_word' id='word_1_222' title='bbox 927 2997 1101 3063; x_wconf 88' lang='lat' dir='ltr'><strong>cessabant</strong></span> <span class='ocrx_word' id='word_1_223' title='bbox 1130 2996 1186 3058; x_wconf 83' lang='lat' dir='ltr'><strong>fer-</strong></span> 
     </span>
    </p>
   </div>
   <div class='ocr_carea' id='block_1_3' title="bbox 167 3084 1187 3242">
    <p class='ocr_par' dir='ltr' id='par_1_3' title="bbox 167 3084 1187 3242">
     <span class='ocr_line' id='line_1_33' title="bbox 167 3084 1185 3174; baseline 0.006 -32"><span class='ocrx_word' id='word_1_224' title='bbox 167 3084 323 3166; x_wconf 87' lang='lat' dir='ltr'><strong>rataeque</strong></span> <span class='ocrx_word' id='word_1_225' title='bbox 339 3084 511 3150; x_wconf 88' lang='lat' dir='ltr'><strong>arundines</strong></span> <span class='ocrx_word' id='word_1_226' title='bbox 525 3086 754 3170; x_wconf 80' lang='lat' dir='ltr'><strong>fundebantur,</strong></span> <span class='ocrx_word' id='word_1_227' title='bbox 778 3109 973 3174; x_wconf 87' lang='lat' dir='ltr'><strong>quamquam</strong></span> <span class='ocrx_word' id='word_1_228' title='bbox 988 3086 1090 3151; x_wconf 85' lang='lat' dir='ltr'><strong>etiam</strong></span> <span class='ocrx_word' id='word_1_229' title='bbox 1105 3105 1185 3149; x_wconf 90' lang='lat' dir='ltr'><strong>com-</strong></span> 
     </span>
     <span class='ocr_line' id='line_1_34' title="bbox 171 3169 1187 3242; baseline 0.003 -10"><span class='ocrx_word' id='word_1_230' title='bbox 171 3169 278 3234; x_wconf 90' lang='lat' dir='ltr'><strong>minus</strong></span> <span class='ocrx_word' id='word_1_231' title='bbox 310 3193 421 3238; x_wconf 88' lang='lat' dir='ltr'><strong>mucro</strong></span> <span class='ocrx_word' id='word_1_232' title='bbox 458 3174 597 3240; x_wconf 84' lang='lat' dir='ltr'><strong>feriebat</strong></span> <span class='ocrx_word' id='word_1_233' title='bbox 634 3181 748 3242; x_wconf 84' lang='lat' dir='ltr'><strong>contra</strong></span> <span class='ocrx_word' id='word_1_234' title='bbox 778 3199 965 3242; x_wconf 89' lang='lat' dir='ltr'><strong>mucronem</strong></span> <span class='ocrx_word' id='word_1_235' title='bbox 997 3179 1031 3240; x_wconf 89' lang='lat' dir='ltr'><strong>et</strong></span> <span class='ocrx_word' id='word_1_236' title='bbox 1067 3174 1187 3238; x_wconf 87' lang='lat' dir='ltr'><strong>loricae</strong></span> 
     </span>
    </p>
   </div>
   <div class='ocr_carea' id='block_1_4' title="bbox 173 3305 387 3316">
    <p class='ocr_par' dir='ltr' id='par_1_4' title="bbox 173 3305 387 3316">
     <span class='ocr_line' id='line_1_35' title="bbox 173 3305 387 3316; baseline 0.019 -4"><span class='ocrx_word' id='word_1_237' title='bbox 173 3305 387 3316; x_wconf 69' lang='lat'><em>-·—-—.—-.—.</em></span> 
     </span>
    </p>
   </div>
   <div class='ocr_carea' id='block_1_5' title="bbox 166 3361 1189 3694">
    <p class='ocr_par' dir='ltr' id='par_1_5' title="bbox 166 3361 1189 3694">
     <span class='ocr_line' id='line_1_36' title="bbox 241 3361 1189 3437; baseline 0.004 -23"><span class='ocrx_word' id='word_1_238' title='bbox 241 3361 375 3430; x_wconf 82' lang='lat' dir='ltr'><strong>lsyllsm</strong></span> <span class='ocrx_word' id='word_1_239' title='bbox 397 3365 437 3420; x_wconf 79' lang='lat' dir='ltr'><strong>sic</strong></span> <span class='ocrx_word' id='word_1_240' title='bbox 467 3365 543 3434; x_wconf 75' lang='lat' dir='ltr'><strong>Vbqa</strong></span> <span class='ocrx_word' id='word_1_241' title='bbox 617 3373 649 3421; x_wconf 78' lang='lat'><strong>14</strong></span> <span class='ocrx_word' id='word_1_242' title='bbox 675 3373 740 3423; x_wconf 81' lang='lat' dir='ltr'><strong>aute</strong></span> <span class='ocrx_word' id='word_1_243' title='bbox 766 3385 813 3422; x_wconf 85' lang='lat' dir='ltr'><strong>cos</strong></span> <span class='ocrx_word' id='word_1_244' title='bbox 839 3369 960 3424; x_wconf 77' lang='lat' dir='ltr'><strong>inseruit</strong></span> <span class='ocrx_word' id='word_1_245' title='bbox 986 3365 1135 3437; x_wconf 86' lang='lat' dir='ltr'><strong>excipiunt</strong></span> <span class='ocrx_word' id='word_1_246' title='bbox 1166 3364 1189 3417; x_wconf 83' lang='lat' dir='ltr'><em>G</em></span> 
     </span>
     <span class='ocr_line' id='line_1_37' title="bbox 172 3429 1188 3504; baseline 0.004 -22"><span class='ocrx_word' id='word_1_247' title='bbox 172 3429 255 3498; x_wconf 86' lang='lat' dir='ltr'><strong>gestu</strong></span> <span class='ocrx_word' id='word_1_248' title='bbox 272 3431 412 3487; x_wconf 87' lang='lat' dir='ltr'><strong>terrentes</strong></span> <span class='ocrx_word' id='word_1_249' title='bbox 433 3432 519 3488; x_wconf 86' lang='lat' dir='ltr'><strong>VPbo</strong></span> <span class='ocrx_word' id='word_1_250' title='bbox 536 3435 725 3504; x_wconf 84' lang='lat' dir='ltr'><strong>gesturientes</strong></span> <span class='ocrx_word' id='word_1_251' title='bbox 739 3436 766 3490; x_wconf 77' lang='lat' dir='ltr'><em>G</em></span> <span class='ocrx_word' id='word_1_252' title='bbox 782 3437 919 3491; x_wconf 80' lang='lat' dir='ltr'><strong>carritum</strong></span> <span class='ocrx_word' id='word_1_253' title='bbox 935 3435 962 3490; x_wconf 89' lang='lat' dir='ltr'><strong><em>V</em></strong></span> <span class='ocrx_word' id='word_1_254' title='bbox 992 3441 1026 3490; x_wconf 78' lang='lat'><strong>20</strong></span> <span class='ocrx_word' id='word_1_255' title='bbox 1044 3434 1137 3490; x_wconf 84' lang='lat' dir='ltr'><strong>aritus</strong></span> <span class='ocrx_word' id='word_1_256' title='bbox 1152 3431 1188 3485; x_wconf 66' lang='lat' dir='ltr'><strong>V*</strong></span> 
     </span>
     <span class='ocr_line' id='line_1_38' title="bbox 167 3497 1188 3579; baseline 0.002 -29"><span class='ocrx_word' id='word_1_257' title='bbox 167 3498 255 3550; x_wconf 80' lang='lat' dir='ltr'><strong>armis</strong></span> <span class='ocrx_word' id='word_1_258' title='bbox 276 3497 401 3579; x_wconf 56' lang='lat' dir='ltr'><strong>V¹Pb9u</strong></span> <span class='ocrx_word' id='word_1_259' title='bbox 469 3507 501 3556; x_wconf 69' lang='lat'><strong>‘23</strong></span> <span class='ocrx_word' id='word_1_260' title='bbox 523 3501 698 3570; x_wconf 66' lang='lat' dir='ltr'><strong>testitudinis</strong></span> <span class='ocrx_word' id='word_1_261' title='bbox 723 3503 751 3557; x_wconf 83' lang='lat' dir='ltr'><em>V</em></span> <span class='ocrx_word' id='word_1_262' title='bbox 815 3507 867 3560; x_wconf 74' lang='grc'><strong>’27</strong></span> <span class='ocrx_word' id='word_1_263' title='bbox 887 3504 1007 3560; x_wconf 81' lang='lat' dir='ltr'><strong>iuuisset</strong></span> <span class='ocrx_word' id='word_1_264' title='bbox 1030 3503 1085 3557; x_wconf 76' lang='lat' dir='ltr'><strong>Gn</strong></span> <span class='ocrx_word' id='word_1_265' title='bbox 1104 3501 1188 3555; x_wconf 86' lang='lat' dir='ltr'><strong>iubus</strong></span> 
     </span>
     <span class='ocr_line' id='line_1_39' title="bbox 172 3563 1188 3646; baseline 0.003 -29"><span class='ocrx_word' id='word_1_266' title='bbox 172 3565 216 3618; x_wconf 86' lang='lat' dir='ltr'><strong>set</strong></span> <span class='ocrx_word' id='word_1_267' title='bbox 236 3563 350 3646; x_wconf 56' lang='lat' dir='ltr'><strong>Vnulus</strong></span> <span class='ocrx_word' id='word_1_268' title='bbox 368 3570 412 3624; x_wconf 86' lang='lat' dir='ltr'><strong>set</strong></span> <span class='ocrx_word' id='word_1_269' title='bbox 428 3569 456 3623; x_wconf 93' lang='lat' dir='ltr'><strong><em>P</em></strong></span> <span class='ocrx_word' id='word_1_270' title='bbox 473 3569 524 3628; x_wconf 82' lang='lat' dir='ltr'><strong>lac.</strong></span> <span class='ocrx_word' id='word_1_271' title='bbox 542 3576 558 3626; x_wconf 85' lang='grc'>8</span> <span class='ocrx_word' id='word_1_272' title='bbox 576 3573 630 3628; x_wconf 78' lang='lat' dir='ltr'><strong>utu</strong></span> <span class='ocrx_word' id='word_1_273' title='bbox 646 3571 675 3626; x_wconf 87' lang='lat' dir='ltr'><strong><em>R</em></strong></span> <span class='ocrx_word' id='word_1_274' title='bbox 742 3578 776 3628; x_wconf 75' lang='grc'><strong>29</strong></span> <span class='ocrx_word' id='word_1_275' title='bbox 794 3571 927 3640; x_wconf 71' lang='lat' dir='ltr'><strong>alacriter</strong></span> <span class='ocrx_word' id='word_1_276' title='bbox 947 3571 973 3628; x_wconf 85' lang='lat' dir='ltr'><strong><em>V</em></strong></span> <span class='ocrx_word' id='word_1_277' title='bbox 989 3573 1093 3626; x_wconf 84' lang='lat' dir='ltr'><strong>acriter</strong></span> <span class='ocrx_word' id='word_1_278' title='bbox 1108 3570 1188 3638; x_wconf 71' lang='lat' dir='ltr'><strong>Pboo</strong></span> 
     </span>
     <span class='ocr_line' id='line_1_40' title="bbox 166 3635 555 3694; baseline 0.023 -9"><span class='ocrx_word' id='word_1_279' title='bbox 166 3637 203 3686; x_wconf 76' lang='lat'><strong>32</strong></span> <span class='ocrx_word' id='word_1_280' title='bbox 221 3635 308 3690; x_wconf 77' lang='lat' dir='ltr'><strong>etiam</strong></span> <span class='ocrx_word' id='word_1_281' title='bbox 329 3635 447 3693; x_wconf 66' lang='lat' dir='ltr'><strong>(danim</strong></span> <span class='ocrx_word' id='word_1_282' title='bbox 469 3637 555 3694; x_wconf 84' lang='lat' dir='ltr'><strong>VPbo</strong></span> 
     </span>
    </p>
   </div>
   <div class='ocr_carea' id='block_1_6' title="bbox 0 0 1223 3924">
    <p class='ocr_par' dir='ltr' id='par_1_6' title="bbox 0 0 1223 3924">
     <span class='ocr_line' id='line_1_41' title="bbox 0 0 1223 3924; baseline 0 0"><span class='ocrx_word' id='word_1_283' title='bbox 0 0 1223 3924; x_wconf 95' lang='lat' dir='ltr'><strong> </strong></span> 
     </span>
    </p>
   </div>
  </div>
 </body>
</html>
