2530 3922
296 239 551 296 CONSTANTIVS
568 239 615 294 ΕΤ
634 240 774 297 GALLVS
793 247 842 298 353
1030 245 1072 310 31

82 385 227 469 inperiale
254 388 477 469 praeceptum,
508 384 666 470 dispicere
696 385 766 450 litis
797 385 939 450 exitialis
973 392 1076 452 certa·

81 475 154 540 mina
182 475 356 560 cogebatur
387 474 532 538 abnuens
565 477 598 539 et
634 475 830 558 reclamans,
868 474 1073 541 adulatorum

82 564 297 629 oblatrantibus
320 563 447 646 turmis,
470 563 646 628 bellicosus
671 586 748 630 sane
771 565 929 649 milesque
947 586 1077 650 semper

80 659 106 717 ct
124 653 256 718 militum
278 653 394 718 ductor
417 652 473 716 sed
495 653 681 718 forensibus
705 654 821 738 iurgiis
845 653 942 738 longe
957 653 1074 719 discre-

62 747 133 825 rtos,
153 743 204 826 qui
225 746 315 808 metu
338 742 389 807 sui
411 741 608 808 discriminis
632 743 747 808 anxius
772 764 845 808 oum
868 746 1072 809 accusatores

80 831 322 918 quaesitoresque
356 830 539 897 subditiuos
572 832 636 897 sibi
664 833 866 898 consociatos
899 854 939 898 ex
970 832 1074 898 isdem

79 921 164 986 foreis
186 926 331 987 cerneret
354 922 565 1005 emergentes,
589 943 671 1007 quae
695 922 780 987 clam
802 921 954 1006 palamne
970 922 1076 1007 agita·

79 1010 190 1096 bantur,
217 1011 353 1077 occultis
383 1009 610 1076 Constantium
637 1011 757 1076 litteris
787 1010 944 1076 edocebat
970 1011 1075 1096 inplo-

78 1122 138 1164 rans
151 1101 302 1185 subsidia,
326 1123 463 1186 quorum
486 1103 575 1164 metu
597 1103 707 1166 tumor
718 1100 909 1166 notissimus
924 1098 1073 1166 Caesaris

50 1189 233 1264 aerhalaret
279 1191 309 1256 2.
342 1190 398 1255 sed
425 1188 554 1256 cautela
580 1189 683 1255 nimia
711 1191 745 1256 in
772 1189 898 1274 peiores
922 1190 1074 1256 haeserat

77 1279 183 1364 plagas,
205 1285 243 1345 ut
254 1279 463 1346 narrabimus
477 1282 601 1364 postea,
620 1280 756 1345 aemulis
771 1278 1073 1344 consarcinantibus

76 1368 193 1435 midias
214 1389 334 1454 graues
349 1371 434 1454 apud
448 1365 686 1454 Constantium,
708 1372 816 1435 cetera
828 1368 971 1432 medium
988 1368 1075 1452 prin-

77 1459 163 1542 cipem
184 1460 240 1524 sed
269 1459 378 1544 siquid
405 1457 539 1524 auribus
568 1457 638 1522 eius
666 1457 762 1523 huius
786 1456 875 1522 modi
898 1457 1005 1542 quiuis
1028 1457 1075 1520 in-

76 1547 195 1624 fudisset
220 1550 371 1634 ignotus,
399 1547 551 1614 acerbum
575 1549 608 1611 et
635 1545 867 1632 inplacabilem
890 1548 924 1610 et
951 1546 985 1610 in
1013 1545 1074 1610 hoc

49 1657 228 1703 scamarum
251 1637 352 1703 titulo
376 1635 569 1702 dissimilem
593 1636 652 1701 sui.

149 1727 177 1792 3.
190 1727 333 1793 Proinde
347 1727 398 1792 die
408 1725 548 1791 funestis
559 1725 870 1810 interrogationibus
878 1724 1073 1810 praestituto

75 1815 273 1900 imaginarius
298 1817 393 1882 iudex
417 1813 563 1901 equitum
585 1814 707 1879 resedit
735 1814 893 1899 magister
916 1813 1073 1878 adhibitis

76 1905 136 1969 aliis
161 1907 228 1971 iam
257 1928 341 1990 quae
370 1908 479 1970 essent
503 1902 630 1988 agenda
656 1903 853 1989 praedoctis,
881 1905 915 1967 et
942 1902 1075 1968 adsiste·

75 1994 141 2060 bant
161 1995 238 2060 hinc
261 1995 337 2060 inde
359 1995 495 2077 notarii,
523 1992 599 2078 quid
626 1993 809 2078 quaesitum
833 1994 931 2076 esset,
959 1990 1075 2076 quidue

48 2104 260 2170 arcsponsnm,
285 2085 405 2150 cinsim
428 2084 469 2150 ad
484 2080 656 2148 Caesarem
679 2081 888 2167 perferentes,
911 2080 1001 2145 ouius
1018 2079 1076 2143 inr-

74 2173 148 2255 pcrio
170 2175 268 2260 truci,
292 2173 435 2240 stimulis
458 2172 592 2257 reginae
615 2171 792 2238 exertantis
816 2191 928 2236 aurem
942 2168 1076 2234 subinde

74 2285 120 2344 per
140 2265 302 2348 aulaeum,
323 2285 384 2329 nec
406 2263 529 2328 diluere
553 2261 682 2327 obiecta
703 2259 854 2346 permissi
876 2279 936 2323 nec
954 2257 1077 2321 defensi

73 2353 181 2434 periere
206 2353 388 2438 conplures.
420 2355 451 2418 4.
473 2351 573 2438 primi
595 2351 698 2435 igitur
721 2349 866 2415 omnium
891 2349 1076 2411 statuuntur

74 2441 228 2528 Epigonus
258 2446 293 2508 ct
318 2442 480 2508 Eusebius
509 2441 550 2506 ob
578 2441 747 2506 nominum
775 2436 995 2524 gentilitatem
1023 2455 1078 2518 op-

46 2533 171 2613 repressi.
217 2532 440 2618 praediximus
464 2530 551 2596 enirn
573 2529 735 2595 Montium
763 2526 823 2593 sub
851 2525 923 2611 ipso
946 2523 1078 2589 uiuendi

74 2623 198 2687 termino
228 2621 283 2688 his
306 2621 475 2687 uocabulis
504 2619 685 2705 appellatos
708 2618 908 2683 fabricarum
931 2614 1078 2698 culpasse

74 2711 209 2778 tribunos
242 2715 282 2777 ut
313 2710 510 2777 adminicula
541 2709 670 2774 futurae
702 2706 867 2772 molitioni
902 2703 1078 2789 pollicitos.

74 2797 97 2862 5.
109 2805 139 2865 et
149 2801 326 2887 Epigonus
341 2800 470 2886 quidem
485 2799 606 2864 amictu
619 2800 714 2862 tenus
727 2793 952 2881 philosophus,
974 2795 1011 2856 ut
1025 2814 1079 2874 ap-

71 2891 179 2976 paruit,
200 2913 301 2976 prece
324 2889 447 2955 frustra
469 2891 640 2972 temptata,
664 2886 798 2952 sulcatis
822 2882 980 2951 lateribus
996 2901 1080 2944 mor-

43 2979 168 3064 utisquc
201 2984 294 3047 metu
332 2978 462 3045 admoto
498 2977 588 3062 turpi
625 2975 826 3042 confessione
863 2970 1080 3056 cogitatorum

74 3069 199 3154 socium,
234 3091 318 3154 quae
350 3068 443 3133 nulla
475 3071 582 3151 erant,
613 3065 714 3131 fuisse
745 3061 890 3128 firmauit
918 3082 991 3126 oum
1021 3081 1081 3124 nec

131 3305 219 3361 llitis
232 3304 355 3360 exitialis
373 3303 528 3360 certamina
544 3303 600 3358 scri
639 3302 735 3357 lex.
753 3299 901 3356 seminaG
917 3297 1084 3354 litosexitia

71 3370 122 3427 lese
140 3373 216 3438 (lere
234 3375 273 3437 P)
298 3374 361 3444 [tac.
379 3377 396 3428 3
413 3371 578 3494 ῑίτῦὲωίω
622 3373 651 3426 P
718 3377 734 3426 9
751 3368 919 3424 nouissimus
935 3367 1083 3444 Hermaaa

74 3445 101 3492 15
122 3440 288 3496 dissimilem
314 3440 395 3497 VGP
416 3441 467 3496 sim
491 3456 537 3496 em
559 3441 610 3495 rba
678 3444 710 3492 21
733 3437 898 3492 trucestima
921 3435 974 3490 VP
995 3435 1083 3512 truom

72 3507 126 3562 tum
142 3526 160 3564 a
179 3509 208 3564 G
260 3509 414 3566 exertantis
431 3525 529 3564 aurem
549 3507 575 3562 G
593 3507 754 3562 exertantes
772 3520 842 3558 aura
861 3503 914 3561 VP
967 3508 1000 3556 24
1017 3500 1082 3580 Epr-

91 3591 155 3632 onus
168 3578 226 3632 GA
243 3577 284 3633 eri
305 3593 375 3632 onus
390 3576 417 3632 V
432 3577 562 3647 origenes
573 3576 617 3632 Pb
651 3575 704 3630 *26
722 3574 768 3628 oul
788 3577 860 3627 asset
876 3569 928 3625 VP
963 3573 1013 3623 ⁸27
1031 3587 1083 3622 mr-

71 3592 219 3770 1{bonini}¹
238 3595 379 3702 mefitioni
400 3645 468 3701 V²P
486 3641 588 3700 ultioni
604 3643 633 3697 θ
701 3647 735 3696 28
752 3591 896 3709 llbigonus
914 3638 965 3708 bpo
988 3637 1082 3705 epigo-

89 3729 128 3766 rus
