2530 3922
331 191 586 249 CONSTANTIVS
603 195 649 250 ΕΤ
668 195 809 251 GALLVS
827 203 877 253 354
1067 199 1111 264 43
1245 211 1246 216 ’

87 333 374 419 membrorumque
398 340 487 401 reeta
510 358 662 423 conpage,
690 339 774 404 flauo
799 340 917 423 capillo
946 343 980 404 et
1005 341 1109 426 molli,

85 423 192 488 barba
206 423 285 488 licet
298 423 412 490 rec'ens
427 430 611 510 emergente
626 427 780 512 lanugine
795 432 916 512 tenera,
935 429 983 493 ita
998 432 1109 496 tamen

86 516 122 576 ut
132 511 297 578 maturius
308 514 485 579 auctoritas
495 516 660 602 emineret,
674 521 802 582 tantum
812 541 830 582 a
840 518 1030 601 temperatis
1040 541 1108 583 mo-

85 601 177 666 ribus
193 600 316 666 Iuliani
334 603 484 668 differens
498 604 620 690 fratris,
640 609 797 690 quantum
813 606 899 670 inter
912 605 1108 690 Vespasiani

59 691 172 756 atilios
192 689 258 755 suit
271 691 497 757 Domitianum
517 697 550 758 et
564 693 684 759 Titum.
721 695 774 760 29.
798 699 982 779 assumptus
998 698 1107 761 autem

84 781 119 844 in
134 779 377 864 amplissimum
391 781 539 846 fortunae
554 783 724 868 fastigium
734 785 906 850 uersabilis
918 785 987 850 eius
997 789 1105 850 motus

84 873 238 953 expertus
255 873 314 953 est,
338 871 394 954 qui
416 870 533 936 ludunt
555 873 793 938 mortalitatem
827 895 912 938 nuno
932 873 1104 938 euehentes

85 959 246 1042 quosdam
260 959 294 1023 in
310 959 424 1042 sidera,
446 982 531 1025 nunc
555 961 594 1025 ad
609 959 724 1046 Cocyti
738 961 897 1045 profunda
912 968 1105 1046 mergentes.

84 1048 176 1112 cuius
211 1049 260 1112 rei
293 1069 365 1112 cum
397 1049 565 1114 innumera
597 1051 663 1114 siut
695 1051 852 1134 exempla,
883 1073 987 1135 pauca
1016 1055 1107 1116 tactu

48 1155 72 1194 ιο
85 1159 214 1202 summo
236 1140 466 1202 transcurram.
511 1139 563 1203 30.
575 1139 656 1204 haec
676 1139 809 1204 fortuna
824 1140 992 1204 mutabilis
1011 1144 1043 1204 et
1060 1141 1106 1204 in-

84 1230 241 1291 constans
265 1225 343 1291 fecit
356 1225 575 1311 Agathoclem
590 1225 735 1294 Siculum
758 1251 798 1294 ex
820 1228 921 1314 figulo
945 1249 1057 1313 regem
1072 1234 1106 1294 et

83 1315 284 1400 Dionysium
307 1315 453 1400 gentium
476 1317 638 1401 quondam
659 1322 820 1383 terrorem
843 1315 992 1382 Corinthi
1020 1318 1106 1382 litte-

82 1405 173 1470 rario
190 1405 267 1469 ludo
281 1404 447 1487 praefecit.
477 1407 530 1470 31.
544 1405 624 1471 haec
638 1405 896 1490 Adramytenum
911 1405 1106 1470 Andriscum

83 1494 119 1558 in
141 1493 283 1558 fullonio
306 1497 420 1558 natum
443 1494 484 1558 ad
506 1493 774 1579 Pseudophilippi
800 1515 918 1558 nomen
942 1495 1050 1559 euenit
1074 1499 1106 1559 et

48 1599 70 1641 u
83 1583 199 1647 Persei
226 1582 411 1666 legitimum
438 1583 543 1648 filium
566 1589 670 1648 artem
692 1584 860 1648 ferrariam
888 1584 929 1647 ob
954 1605 1106 1666 quaeren-

83 1673 162 1736 dum
172 1671 283 1736 docuit
292 1671 424 1736 uictum.
461 1673 513 1736 32.
528 1673 639 1737 eadem
653 1672 839 1738 Mancinum
849 1675 925 1756 post
934 1672 1105 1755 imperium

83 1761 175 1824 dedit
198 1759 419 1845 Numantinis,
452 1759 636 1826 Samnitum
668 1761 836 1826 atrocitati
863 1759 1043 1845 Veturium,
1072 1765 1105 1825 et

83 1847 258 1914 Claudium
268 1847 388 1932 Corsis,
413 1849 657 1935 substrauitque
680 1849 805 1914 feritati
820 1847 1030 1933 Carthaginis
1044 1849 1106 1914 Re·

84 1939 209 2022 gulum,
223 1937 318 2002 istius
332 1938 504 2022 iniquitate
518 1938 693 2022 Pompeius
707 1943 783 2023 post
798 1939 979 2026 quaesitum
992 1938 1106 2022 Magni

47 2046 71 2084 ²⁰
85 2051 124 2092 ex
145 2049 261 2092 rerum
283 2031 450 2111 gestarum
472 2028 684 2113 amplitudine
700 2031 952 2112 cognomentum
972 2028 1012 2092 ad
1035 2050 1105 2111 spa-

85 2117 207 2182 donum
226 2116 397 2181 libidinem
414 2117 450 2181 iu
468 2116 620 2201 Aegypto
639 2117 827 2182 trucidatur.
874 2117 926 2181 33.
941 2120 974 2180 et
992 2115 1104 2180 Eunus

85 2205 218 2290 quidam
247 2205 481 2290 ergastularius
509 2227 621 2270 seruus
650 2206 797 2271 ductauit
824 2206 859 2270 in
882 2204 995 2270 Sicilia
1022 2205 1105 2288 fugi-

82 2296 183 2360 tiuos.
230 2317 328 2379 quarn
350 2295 447 2359 multi
475 2294 644 2379 splendido
673 2295 745 2360 loco
768 2295 840 2359 nati
864 2295 975 2358 eadem
997 2315 1105 2357 rerum

84 2385 218 2450 domina
252 2384 423 2448 coniuente
453 2381 599 2448 Viriathi
631 2403 737 2468 genua
771 2388 847 2447 sunt
877 2381 1020 2464 amplexi
1051 2381 1104 2445 uel

49 2490 73 2529 25
85 2469 258 2556 Spartaci?
305 2477 384 2558 quot
407 2472 523 2556 capita,
550 2493 631 2556 quae
654 2471 808 2536 horruere
832 2474 955 2556 gentes,
983 2469 1105 2535 funesti

85 2560 254 2626 carnifices
279 2561 506 2626 absciderunt?
545 2561 628 2625 alter
651 2561 684 2624 in
708 2559 839 2625 uincula
861 2559 998 2643 ducitur,
1021 2559 1106 2624 alter

86 2651 273 2734 insperatae
286 2649 473 2734 praeficitur
491 2649 659 2733 potestati,
683 2649 767 2714 alius
792 2670 950 2714 asummo
966 2648 1104 2712 culmine

85 2739 260 2824 dignitatis
275 2739 444 2803 excutitur.
490 2739 542 2803 34.
565 2760 646 2823 quae
662 2738 772 2803 omnia
788 2738 817 2802 si
832 2739 913 2802 scire
934 2737 1105 2822 quisquam

84 2828 168 2893 uelit
200 2849 300 2912 quam
326 2827 418 2892 uaria
445 2827 510 2892 sint
533 2831 567 2892 εὴ
594 2827 743 2910 adsidua,
775 2825 969 2891 harenarum
997 2846 1105 2889 nume-

49 2936 72 2977 a
86 2939 158 2982 mm
180 2916 269 2980 idem
292 2917 357 2980 iam
377 2915 538 2999 desipiens
563 2920 596 2980 et
618 2916 780 2981 montium
802 2915 945 2998 pondera
968 2913 1106 2978 serutari

86 3005 227 3089 putabit.

155 3248 304 3302 ufeneras
320 3247 373 3302 VP
388 3249 502 3301 teneras
519 3263 571 3316 per
603 3263 670 3301 enas
688 3247 740 3316 hya
776 3253 807 3300 13
825 3245 941 3299 luduV
977 3251 1007 3299 17
1027 3244 1105 3298 Sam-

87 3317 177 3372 nitum
189 3315 336 3371 atrocitati
351 3264 704 3384 Valesiassummlsummi
715 3313 755 3384 P]
770 3315 829 3382 (loc.
848 3314 941 3377 etita)
955 3312 1104 3366 atrocitate

92 3383 141 3442 VP
212 3389 244 3438 19
262 3381 360 3454 Magni
382 3397 433 3438 om.
455 3383 489 3452 by
556 3387 588 3435 23
607 3381 667 3436 nati
690 3383 740 3450 buo
760 3383 863 3436 natura
885 3381 936 3436 VP
962 3439 964 3442 ,
1004 3386 1106 3448 311111-

88 3453 160 3507 tauit
180 3451 234 3506 VP
251 3451 360 3520 poterit
377 3451 429 3521 tuo
