2430 3928
248 243 501 301 consumimus
519 245 566 300 Er
584 245 760 302 IVLIANVS
778 253 828 302 355
1003 250 1046 318 69

57 387 215 471 peratisque
239 387 394 458 ambobus
419 389 522 454 coisse
546 411 619 454 cum
642 391 806 474 generosis
829 391 958 456 feminis
980 415 1046 456 sus·

56 475 216 560 cepisseque
239 477 360 542 liberos
383 477 493 562 plures
523 483 556 543 et
579 502 634 544 eos
662 483 771 564 partes
801 480 917 564 quibus
946 480 1045 564 impe-

55 565 177 628 ritabant
193 567 258 631 suis
273 567 459 632 nominibus
474 569 665 653 appellasse.
713 570 741 634 7.
760 591 780 632 a
799 569 950 634 Phocaea
968 591 1045 634 uero

53 653 194 718 Asiaticus
216 657 355 740 populus
378 655 519 741 Harpali
546 658 791 724 inclementiam
817 659 938 742 uitans,
967 657 1045 742 Cyri

34 758 42 794 f·
53 741 123 826 regis
143 745 308 828 praefecti,
336 745 468 810 Italiam
491 748 623 832 nauigio
651 749 743 831 petit.
789 749 878 813 cuius
906 771 981 832 pars
1010 748 1045 811 in

52 830 173 896 Lucania
193 831 332 919 Veliam,
355 835 421 900 alia
444 837 587 902 condidit
608 839 643 902 in
656 837 835 926 Viennensi
848 837 1044 902 Massiliam:

52 920 110 985 dein
122 923 235 987 secutis
251 924 412 990 aetatibus
436 926 555 1010 oppida
578 930 672 992 aucta
694 927 814 992 uirium
839 927 932 1011 copia
954 927 1046 990 insti-

52 1013 124 1074 tuere
140 1033 202 1076 non
224 1035 336 1096 pauca.
374 1014 429 1078 sed
453 1014 644 1080 declinanda
666 1017 808 1080 uarietas
832 1038 927 1100 saepe
951 1015 1046 1080 satie-

51 1099 98 1162 tati
118 1101 292 1166 coniuncta.
339 1103 368 1168 8.
387 1126 445 1186 per
474 1104 553 1168 haec
581 1105 654 1169 loca
676 1104 862 1170 hominibus
887 1105 1046 1189 paulatim

23 1205 40 1242 10
51 1187 164 1253 excultis
191 1191 325 1274 uiguere
355 1193 462 1257 studia
491 1194 705 1259 laudabilium
734 1194 966 1277 doctrinarum,
999 1194 1046 1257 in-

50 1276 146 1342 choata
171 1302 231 1363 per
259 1280 377 1345 bardos
406 1285 439 1346 et
466 1283 600 1368 euhagis
630 1287 665 1346 et
691 1284 845 1348 drasidas.
891 1287 924 1347 et
950 1282 1045 1347 bardi

49 1367 157 1448 quidem
183 1369 285 1434 fortia
311 1371 457 1435 uirorum
485 1371 662 1436 illustrium
689 1371 776 1436 facta
803 1372 943 1436 heroicis
972 1393 1044 1435 con-

47 1457 136 1536 posita
161 1458 311 1524 uersibus
341 1481 413 1524 eum
442 1459 589 1525 dulcibus
617 1462 708 1546 lyrae
737 1460 876 1525 modulis
910 1459 1044 1524 cantita-

47 1549 118 1629 nnt,
143 1546 284 1632 euhages
308 1571 386 1614 uero
410 1553 590 1614 scrutantes
614 1551 731 1614 seriem
755 1553 787 1614 et
815 1548 968 1614 sublimia
989 1571 1044 1614 na-

19 1651 34 1686 1⁵
45 1637 119 1699 turae
139 1637 280 1720 pandere
304 1639 514 1704 conabantur.
544 1639 629 1704 inter
653 1662 707 1704 eos
732 1639 879 1704 drasidae
903 1638 1043 1722 ingeniis

45 1723 189 1810 celsiores,
212 1729 252 1790 ut
275 1727 450 1792 auctoritas
473 1727 681 1813 Pythagorae
705 1729 855 1811 decreuit,
880 1727 1043 1792 sodaliciis

44 1813 171 1878 adstricti
204 1817 395 1902 consortiis,
428 1818 671 1902 quaestionibus
704 1817 904 1882 occultarum
934 1839 1043 1881 rerum

44 1901 229 1988 altarumque
258 1905 357 1969 erecti
385 1908 460 1970 sunt
488 1910 521 1970 et
548 1907 769 1990 despectantes
798 1906 940 1970 humana
970 1927 1043 1989 pro-

43 1992 215 2058 nuntiarunt
240 1995 363 2059 animas
387 1995 586 2060 inmortales.

113 2079 166 2146 10.
177 2081 494 2148 1.HancGalliarum
503 2085 637 2170 plagam
645 2085 687 2149 ob
699 2088 871 2169 suggestus
882 2083 1042 2147 montium

42 2169 139 2236 arduos
162 2175 195 2236 et
220 2170 355 2237 horrore
378 2173 483 2238 niuali
498 2197 624 2258 semper
638 2174 793 2239 obductos
818 2173 906 2238 orbis
921 2172 1042 2236 residui

42 2256 137 2324 incolis
161 2261 303 2326 antehac
330 2284 432 2345 paene
456 2263 612 2346 ignotam,
635 2263 701 2328 nisi
725 2285 788 2348 qua
815 2261 968 2326 litoribus
993 2264 1043 2325 est

42 2346 137 2433 uicina,
163 2351 348 2416 munimina
371 2352 524 2416 claudunt
545 2353 685 2437 undique
708 2357 826 2416 natura
853 2349 944 2414 uelut
972 2351 1042 2413 arte

40 2436 230 2504 circumdata.
267 2440 297 2503 2.
317 2442 349 2504 et
373 2463 392 2505 a
410 2441 512 2505 latere
528 2442 657 2526 quidem
676 2440 813 2506 australi
828 2439 974 2523 Tyrreno
989 2437 1042 2503 ad-

13 2538 30 2576 s
41 2523 122 2590 luitur
145 2532 179 2592 et
193 2528 323 2593 Gallico
338 2530 434 2594 mari:
458 2551 522 2614 qua
536 2531 675 2595 caeleste
700 2529 835 2613 suspicit
850 2528 1042 2612 plaustrum,

41 2616 140 2680 nferis
165 2618 323 2702 gentibus
347 2619 477 2684 fluentis
501 2619 713 2704 distinguitur
736 2619 857 2683 Rheni:
881 2617 938 2682 ubi
961 2617 1042 2682 occi-

40 2701 143 2769 dentali
166 2707 318 2772 subiecta
340 2711 390 2772 est
419 2707 526 2791 sideri,
550 2730 669 2774 oceano
694 2713 727 2772 et
750 2707 921 2772 altitudine
944 2706 1042 2790 Pyre-

38 2795 96 2857 naei
117 2796 277 2880 cingitur,
300 2797 383 2861 unde
399 2797 439 2862 ad
463 2797 541 2862 solis
557 2802 648 2863 ortus
664 2797 843 2880 adtollitur,
867 2796 1040 2879 aggeribus

38 2882 107 2946 cedit
127 2885 267 2968 Alpium
291 2883 486 2951 Cottiarum:
510 2887 580 2951 uias
603 2909 661 2951 rex
685 2885 821 2970 Cottius,
848 2884 1041 2968 perdomitis

38 2968 139 3038 Galliis
164 2975 257 3056 solus
282 2974 317 3037 in
331 2976 490 3060 angustiis
505 2976 611 3040 lateus
626 2976 777 3060 inuiaque
792 2976 939 3039 locorum
954 2993 1043 3056 aspe-

38 3059 120 3126 ritate
153 3061 310 3149 confisus,
341 3064 443 3129 lenito
475 3065 607 3129 tandem
639 3068 765 3130 tumore
797 3065 833 3128 in
865 3061 1042 3127 amicitiam

91 3289 265 3346 tlucaniam
287 3291 338 3346 VP
391 3299 420 3346 11
440 3293 544 3348 uardos
568 3293 619 3347 VP
679 3293 810 3362 Euhages
829 3293 859 3346 et
874 3291 996 3345 Druidas
1015 3289 1041 3342 G

36 3354 137 3426 euhagis
148 3359 179 3413 et
197 3359 289 3414 dratis
305 3359 356 3414 VP
389 3361 474 3415 uardi
486 3359 538 3415 ΥΡ
574 3369 605 3415 14
622 3360 793 3431 EubagesG
819 3361 972 3428 seriem(?)
988 3357 1040 3412 Va·
1123 3373 1125 3378 ·

38 3420 106 3478 lesus
122 3427 248 3481 seruiani
264 3427 317 3482 VP
334 3445 444 3483 summa
461 3429 511 3500 bpc
546 3435 579 3484 15
597 3446 645 3484 eos
656 3429 789 3498 Eysscab.
809 3445 839 3482 es
856 3427 907 3482 VP
920 3427 971 3480 hos
990 3425 1041 3492 tpa

37 3486 149 3548 drasidae
170 3495 274 3564 scripsi
296 3501 338 3561 (ct
355 3501 388 3550 11
407 3501 432 3552 et
445 3513 477 3565 p.
491 3501 535 3563 68,
547 3499 594 3566 21)
614 3496 762 3566 dryaridae
778 3495 830 3556 ΥΡ
841 3493 970 3574 llruidae
989 3492 1040 3570 bpo

37 3563 61 3632 15
73 3561 98 3612 et
109 3593 134 3602 -
153 3569 186 3618 19
198 3562 364 3618 inmortales
376 3565 443 3620 add.
461 3564 503 3618 Vm
523 3565 566 3634 [in
578 3570 707 3620 contestu
720 3564 770 3620 lac.
785 3569 816 3616 12
830 3563 893 3639 luc]
933 3565 967 3615 28
984 3576 1043 3639 cim

36 3627 100 3740 sstur
115 3631 201 3753 tuggo
219 3631 344 3702 surgitur
365 3631 450 3702 VPbp
466 3634 584 3702 urgetur
604 3632 739 3703 Eysscnb.
808 3636 841 3683 29
859 3643 920 3680 u1as
942 3642 1042 3694 scripsi

43 3709 95 3758 luas
111 3711 140 3752 co
184 3740 190 3752 .
