2530 3922
167 183 208 248 14
555 177 635 232 niu
653 183 677 244 4,
697 181 772 243 2-5,
791 183 807 230 e

170 327 348 389 morantur.
378 322 408 386 2.
425 343 520 404 super
530 341 667 404 quorum
677 319 823 384 moribus
833 317 1090 382 licetinactibus
1100 318 1195 402 prin-

169 413 250 498 cipis
283 411 386 476 Marci
414 414 447 474 et
478 413 594 493 postea
622 408 819 492 aliquotiens
847 408 982 472 memini
1008 407 1193 490 rettulisse,

166 507 277 568 tamen
299 521 385 565 nunc
399 521 526 583 quoque
548 497 705 582 paneade
728 497 832 562 isdem
847 497 1016 582 expediam
1037 497 1191 580 carptim.

167 592 197 654 3.
208 591 292 674 apud
300 590 361 654 has
372 591 496 673 gentes,
506 609 643 672 quarum
658 587 826 652 exordiens
841 587 972 652 initium
987 586 1028 650 ab
1038 584 1192 670 Assyriis

167 679 207 743 ad
221 679 293 744 Nili
316 680 497 743 cataractas
521 677 701 761 porrigitur
724 679 756 740 et
777 675 917 741 confinia
930 675 1219 760 Blemmyarum,5

167 789 278 832 omnes
306 767 380 852 pari
407 769 494 830 sorte
527 769 602 830 sunt
634 765 812 830 bellatores
841 765 1002 830 seminudi
1029 765 1191 830 coloratis

167 857 291 940 sagulis
314 856 400 940 pube
423 859 517 920 tenus
542 855 662 937 amicti,
692 877 847 938 equorum
871 855 1057 920 adiumento
1081 855 1192 938 perni-

167 945 252 1010 cium
275 945 509 1029 graciliumque
524 943 721 1008 camelorum
735 966 793 1028 per
807 944 936 1008 diuersa
957 965 989 1009 sc
1006 945 1192 1027 reptantes,

165 1035 201 1100 in
222 1033 411 1118 tranquillis
434 1033 487 1097 uel
510 1033 649 1097 turbidis
672 1033 783 1097 rebus:
806 1055 865 1098 nec
887 1055 998 1098 eorum
1013 1033 1191 1116 quisquam

166 1122 340 1207 aliquando
369 1123 490 1187 stiuam
518 1121 729 1205 adprehendit
756 1123 809 1186 uel
842 1122 993 1188 arborem
1020 1121 1098 1187 colit
1128 1126 1191 1185 aut
1207 1151 1233 1188 ιο

166 1235 245 1276 arua
273 1211 451 1302 subigendo
481 1211 645 1295 quaeritat
673 1211 804 1294 uictum,
833 1211 888 1276 sed
917 1214 1027 1276 errant
1057 1232 1192 1294 semper

160 1321 218 1384 per
233 1301 340 1385 spatia
362 1302 460 1384 longe
483 1301 613 1384 lateque
628 1299 770 1364 distenta
786 1301 855 1364 sine
869 1301 939 1366 lare
960 1301 1028 1365 sine
1053 1299 1190 1364 sedibus

165 1389 239 1454 fixis
264 1393 320 1454 aut
347 1390 489 1472 legibus:
518 1411 578 1453 nec
605 1389 691 1452 idem
718 1389 885 1473 perferunt
907 1389 1029 1454 diutius
1058 1388 1190 1454 caelum

166 1483 222 1544 aut
240 1482 364 1543 tractus
383 1479 478 1543 unius
498 1477 561 1542 soli
579 1478 646 1542 illis
665 1500 819 1562 umquam
836 1479 954 1562 placet.
990 1479 1021 1542 4.
1043 1477 1115 1542 uita
1134 1483 1191 1542 est

165 1567 233 1632 illis
257 1589 384 1650 semper
406 1569 441 1632 in
463 1567 542 1651 fuga
560 1589 738 1650 uxoresque
762 1569 979 1632 mercenariae
1007 1567 1189 1634 conductae
1206 1597 1232 1636 ιε

165 1656 205 1720 ad
227 1660 356 1739 tempus
380 1678 419 1720 ex
446 1659 542 1739 pacto
566 1660 672 1740 atquc,
696 1659 732 1720 ut
760 1657 805 1720 sit
827 1658 949 1740 species
973 1657 1191 1740 matrimonii,

165 1745 251 1808 dotis
274 1745 404 1810 nomine
427 1745 537 1809 futura
561 1744 700 1809 coniunx
723 1744 854 1810 hastam
877 1750 910 1810 et
936 1745 1191 1812 tabernaculum

165 1833 261 1896 offert
283 1833 413 1916 marito,
435 1836 511 1916 post
534 1835 657 1898 statum
680 1833 766 1898 diem
794 1835 823 1899 si
850 1835 883 1899 id
907 1835 1043 1920 elegerit
1065 1835 1191 1900 disces-

166 1944 250 2005 sura,
274 1925 306 1985 et
319 1922 510 1986 incredibile
529 1926 657 2006 estque
674 1923 787 2000 ardore
801 1925 886 2009 apud
901 1947 956 1990 cos
979 1925 1014 1989 in
1031 1945 1190 1988 uenerem

165 2014 300 2094 uterque
316 2011 454 2076 soluitur
463 2033 568 2076 sexus.
604 2012 633 2076 5.
648 2013 696 2076 ita
711 2015 820 2078 autern
835 2015 941 2098 quoad
950 2014 1100 2097 uixerint,
1115 2013 1188 2078 late
1204 2041 1232 2079 ao

164 2100 330 2183 palantur,
361 2104 399 2165 ut
429 2100 509 2164 alibi
531 2100 648 2166 mulier
674 2102 786 2187 nubat,
818 2103 853 2166 in
880 2103 952 2168 loco
979 2103 1088 2186 pariat
1116 2103 1189 2167 alio

164 2188 348 2272 liberosque
375 2189 488 2272 procul
516 2189 631 2254 educat
659 2191 752 2254 nulla
779 2193 873 2275 copia
901 2191 1087 2276 quiescendi
1113 2215 1190 2276 per,-

164 2279 272 2342 missa.
310 2279 339 2344 6.
353 2279 459 2344 uictus
469 2279 628 2347 uniuersis
644 2301 718 2344 caro
729 2281 833 2344 ferina
847 2284 897 2344 est
910 2281 1071 2364 laetisque
1082 2281 1190 2346 abun-

164 2368 243 2432 dans
268 2369 362 2452 oopia
385 2391 449 2452 qua
472 2371 704 2452 sustentantur,
728 2372 760 2432 et
782 2369 902 2434 herbae
925 2369 1126 2454 multiplices
1152 2375 1189 2434 et

164 2457 276 2540 siquae
300 2459 395 2522 alites
419 2458 491 2541 oapi
513 2465 571 2540 per
594 2457 766 2540 aucupium
788 2459 925 2543 possint,
949 2463 982 2523 et
1009 2459 1187 2544 plerosque
1203 2488 1232 2528 25

163 2566 223 2610 nos
247 2545 387 2610 uidimus
410 2546 565 2610 frumenti
579 2567 674 2610 usum
688 2549 720 2608 et
738 2547 808 2610 uini
829 2548 958 2630 penitus
982 2549 1188 2633 ignorantes.

254 2635 282 2698 7.
296 2632 462 2698 Hactenus
477 2633 516 2698 de
529 2635 661 2700 natione
675 2635 866 2718 perniciosa.
902 2660 987 2702 nune
1001 2637 1042 2702 ad
1055 2641 1189 2702 textum

162 2722 369 2805 propositum
391 2726 601 2786 reuertamur.

253 2809 285 2876 5.
303 2813 330 2875 1.
344 2811 432 2876 Dum
445 2811 526 2876 haec
540 2811 575 2876 in
588 2812 713 2876 oriente
729 2817 878 2898 aguntur,
892 2813 1027 2880 Arelate
1041 2815 1190 2882 hiemem

164 2919 264 2984 agens
289 2898 499 2966 Constantius
526 2902 602 2984 post
628 2901 801 2967 theatralis
825 2903 918 2968 ludos
943 2908 1040 2988 atque
1064 2905 1190 2973 circen·
1205 2936 1234 2976 ao

163 3011 214 3053 ses
239 2989 413 3054 ambitioso
438 2990 541 3056 editos
566 2994 726 3075 apparatu
739 2991 824 3056 diem
849 2996 976 3058 sextum
998 2994 1070 3058 idus
1086 2993 1190 3061 Octo-

162 3079 246 3162 bres,
271 3079 326 3162 qui
349 3079 479 3162 imperii
502 3079 569 3144 eius
594 3101 715 3144 annum
737 3082 959 3147 tricensimum
973 3083 1191 3169 terminabat,

229 3301 245 3349 2
263 3296 381 3350 memini
398 3297 539 3352 rettulisse
558 3298 658 3367 scripsi
675 3299 836 3353 meminerit
852 3299 949 3356 tulisse
971 3301 1024 3356 VP
1061 3308 1078 3356 5
1096 3305 1189 3356 corri-

182 3364 239 3417 itur
264 3363 327 3418 V'P
396 3372 411 3420 8
435 3383 464 3420 se
490 3383 522 3420 ra
542 3367 635 3421 tantos
660 3367 761 3436 scripsi
787 3383 818 3424 rc
839 3369 932 3423 tentes
955 3369 1032 3424 codd.
1049 3369 1191 3439 palantes

193 3432 343 3486 ellerbuaer
387 3440 417 3488 12
435 3451 487 3504 per
549 3449 599 3489 om.
619 3435 697 3490 codd,
747 3437 846 3490 reso'
865 3437 976 3492 basol
997 3437 1023 3491 V
1055 3443 1087 3492 18
1117 3443 1192 3508 post

162 3500 267 3552 statum
285 3501 337 3570 bpc
358 3503 531 3571 potestatum
558 3501 609 3556 VP
679 3509 710 3557 19
734 3503 863 3558 inuenire
908 3505 936 3558 P
1005 3511 1037 3560 22
1056 3503 1192 3562 deducat

165 3565 217 3620 VP
235 3568 286 3636 boa
354 3569 517 3638 quiescendi
534 3571 562 3624 P
580 3571 631 3640 bpo
657 3571 820 3640 quesoiendi
841 3572 867 3626 V
934 3579 966 3627 29
984 3572 1112 3627 harelate
1127 3573 1191 3630 VP

162 3635 214 3690 *31
235 3635 310 3690 diem
329 3638 438 3692 sextum
457 3639 515 3708 ligo.
536 3638 581 3693 die
600 3640 711 3694 sextum
732 3637 784 3694 VP
