2430 3928
124 169 185 234 100
521 161 587 217 xvi
606 167 646 228 a,
666 164 764 216 12—19

123 314 199 395 post
231 309 334 374 otium
367 307 494 390 cibique
526 305 736 370 refectionem
765 309 799 369 et
830 309 942 389 potue,
975 304 1052 392 quid
1082 326 1138 368 nos

125 398 277 484 agimus?
302 419 365 483 quo
380 397 494 480 uigore
508 395 617 460 inedia
631 395 688 460 siti
701 393 878 480 laboreque
892 395 1048 461 membris
1061 416 1139 459 mar-

125 489 272 554 centibus
283 485 511 553 occurramus?
528 485 578 550 12.
589 505 667 569 ergo
679 484 832 569 quoniam
841 485 984 570 negotiis
992 483 1141 550 difficilli·
1202 543 1203 568 3

124 579 187 643 mis
220 599 315 661 saepe
342 575 514 659 dispositio
543 574 740 659 tempestiua
761 576 929 658 prospexit
959 579 993 640 et
1023 577 1142 639 statum
1202 587 1203 590 ’

123 667 309 732 nutantium
332 687 441 730 rerum
463 667 553 729 recto
577 663 715 728 consilio
739 663 774 728 in
794 664 915 730 bonam
942 667 1072 749 partem
1096 681 1162 727 act
1202 691 1203 694 ¹

126 759 219 842 cepto
235 755 430 840 aliquotiens
445 753 555 818 diuina
575 753 719 818 remedia
731 757 934 838 repararimt,
957 754 1010 818 hic
1025 773 1142 838 quaeso
1202 767 1203 803 ἐ

125 845 213 911 uallo
242 846 394 928 fossaque
425 843 616 908 circumdati
643 842 757 908 diuisis
786 843 912 928 uigiliis
943 844 1144 928 quiescamus
1202 888 1203 894 κ

127 956 305 1019 somnoque
327 937 361 997 et
383 933 473 997 uictu
497 932 648 1017 congruis
676 932 775 1015 potiti
797 955 858 1016 pro
886 936 1042 1016 tempore,
1067 953 1145 1016 pace

126 1025 178 1089 dei
193 1024 237 1089 sit
251 1023 381 1104 dictum,
403 1021 660 1106 triumphaturas
676 1021 801 1106 aquilas
817 1026 850 1086 et
863 1022 985 1086 uexilla
998 1021 1146 1086 uictricia
1202 1055 1203 1072 2

126 1113 233 1196 primo
255 1112 337 1177 lucis
361 1133 549 1176 moneamus
573 1111 724 1176 exordio'.
1158 1127 1175 1164 1⁰
1202 1129 1203 1136 ¹

219 1203 269 1266 13.
279 1200 349 1266 Neo
358 1196 446 1265 finiri
455 1201 603 1285 perpessi
613 1223 694 1286 quae
709 1200 909 1284 dicebantur,
921 1201 1061 1266 stridore
1074 1200 1148 1264 den·
1202 1233 1203 1256 1

128 1293 212 1357 tium
243 1289 463 1356 infrendentos
497 1291 727 1374 ardoremque.
740 1290 908 1374 pugnandi
938 1289 1044 1356 hastis
1078 1289 1148 1353 inli-

129 1382 232 1447 dendo
257 1385 349 1446 scuta
370 1383 601 1464 monstrantes,
624 1379 658 1444 in
681 1379 810 1444 hostem
834 1401 868 1444 se
892 1379 965 1444 duci
986 1379 1053 1443 iam
1079 1399 1148 1442 con·
1202 1395 1203 1402 ³

131 1472 278 1555 spicuum
301 1470 488 1553 exorabant,
512 1470 662 1535 caelestis
685 1469 738 1534 dei
760 1468 872 1533 fauore
895 1469 1078 1553 fiduciaque
1103 1467 1150 1531 sui
1202 1499 1203 1516 r

130 1565 163 1624 et
185 1560 344 1625 fortunati
357 1559 493 1624 rectoris
510 1559 652 1643 expertis
670 1557 849 1624 uirtutibus
872 1557 959 1642 freti,
983 1560 1093 1641 atque,
1116 1561 1150 1620 ut
1163 1571 1180 1609 1⁵
1202 1581 1203 1618 1

131 1651 237 1713 exitus
250 1647 376 1731 docuit,
396 1647 550 1713 salutaris
564 1648 695 1733 quidam
711 1647 826 1731 genius
840 1669 993 1730 praesens
1004 1647 1046 1711 ad
1060 1645 1151 1710 dimi-

131 1737 269 1802 candum
287 1759 353 1819 eos,
376 1737 452 1800 dum
467 1737 579 1802 adesse
596 1738 714 1821 potuit,
738 1737 907 1801 incitabat.
945 1737 997 1803 14.
1015 1735 1153 1801 accessit
1202 1769 1203 1802 1

131 1826 206 1890 huic
234 1825 398 1890 alacritati
426 1825 542 1908 plenus
570 1825 730 1890 celsarum
762 1829 963 1910 potestatum
995 1825 1152 1890 adsensus

131 1915 334 1999 maximeque
366 1913 526 1980 Florentii
556 1915 713 1998 praefecti
750 1915 933 1998 praetorio,
969 1914 1153 1998 periculose

133 2004 263 2088 quidem
285 2004 342 2068 sed
364 2003 491 2069 ratione
515 2004 654 2070 secunda
676 2005 885 2088 pugnandum
900 2027 971 2069 esse
990 2004 1184 2068 censentisn

136 2093 213 2158 dum
235 2093 397 2158 instarent
419 2092 552 2159 barbari
575 2093 773 2178 conglobati,
797 2095 853 2178 qui
876 2094 905 2158 si
927 2092 1156 2174 diffluxissent,
1202 2163 1203 2171 ἵ

132 2187 258 2248 motum
272 2181 389 2248 militis
413 2183 448 2246 in
471 2183 647 2248 seditiones
666 2182 778 2247 natiuo
802 2183 909 2248 calore
932 2183 1156 2267 propensioris
1202 2221 1203 2259 1

133 2273 212 2341 ferri
234 2295 302 2337 non
323 2295 420 2356 posse
443 2273 562 2356 aiebat,
586 2275 749 2338 extortam
764 2272 828 2336 sibi
841 2272 1025 2355 uictoriam,
1049 2275 1090 2337 ut
1103 2295 1158 2356 pu·

132 2363 227 2446 teuit,
249 2385 317 2427 non
346 2362 415 2426 sine
438 2362 630 2427 ultimorum
653 2365 772 2426 conatu
796 2362 941 2446 grauiter
970 2361 1159 2426 toleraturi.
1202 2403 1203 2440 3

136 2451 187 2516 15.
201 2451 369 2516 addiderat
379 2455 488 2516 autem
497 2451 649 2516 fiduciam
657 2451 780 2516 nostris
791 2451 1007 2516 consideratio
1026 2451 1160 2535 gemina
1172 2467 1188 2505 ²⁵
1202 2489 1203 2502 κ

133 2539 381 2604 recordantibus
406 2540 492 2623 quod
515 2563 598 2605 anno
626 2563 729 2625 nuper
758 2562 888 2604 emenso
911 2539 1072 2604 Romanis
1102 2563 1160 2623 per
1202 2584 1203 2614 p

134 2627 373 2694 transrhenana
400 2629 507 2712 spatia
530 2630 632 2694 fusius
660 2629 877 2695 uolitantibus
905 2651 965 2694 nec
992 2629 1086 2694 uisus
1111 2633 1161 2693 est
1202 2669 1203 2710 q

136 2719 307 2802 qnisquam
329 2717 408 2782 laris
431 2719 484 2782 sui
507 2718 654 2784 defensor
677 2741 737 2784 nec
752 2719 868 2784 obuius
892 2719 986 2784 stetit
1009 2718 1067 2783 sed
1088 2741 1162 2784 con-

136 2807 231 2872 caede
263 2807 415 2872 arborum
445 2807 545 2873 densa
573 2809 714 2893 undique
745 2809 870 2874 semitis
902 2809 1022 2873 clausis
1053 2808 1161 2872 sidere

135 2900 249 2962 urente
272 2897 415 2962 brumali
438 2919 534 2983 aegre
548 2899 657 2962 uixere
681 2898 815 2963 barbari
837 2898 968 2982 longius
984 2897 1185 2979 amandatis

137 2987 285 3070 quodque
309 2986 506 3070 imperatore
520 2993 625 3053 terras
641 3010 753 3052 eorum
767 2989 916 3072 ingresso
930 3008 990 3050 nec
1004 2986 1163 3050 resistere

138 3075 208 3140 ausi
221 3096 281 3138 nec
295 3097 452 3158 apparere
476 3080 589 3160 pacem
610 3077 868 3160 impetrauerimt
891 3075 1087 3160 suppliciter
1108 3076 1164 3140 ob-

140 3167 313 3228 secrantes.
354 3165 404 3230 16.
419 3165 475 3230 sed
497 3167 606 3231 nullus
630 3170 791 3232 mutatam
813 3167 976 3231 rationem
999 3167 1164 3248 temporis

152 3499 181 3510 ..
207 3437 310 3500 3ergo
330 3429 357 3484 G
375 3446 488 3510 quoque
513 3445 580 3509 crgo
602 3429 653 3486 VP
682 3497 687 3506 Ι
723 3437 755 3484 14
778 3429 907 3486 caelestis
923 3430 1084 3508 Limaeam.
1103 3448 1167 3486 cae-

139 3499 212 3577 lrtrs·
224 3496 277 3576 Vq
294 3497 346 3554 lac.
364 3505 381 3554 8
398 3498 452 3554 ata
470 3497 499 3552 R
517 3515 622 3569 qu1ppe
640 3515 690 3566 qui
707 3498 742 3552 ba
810 3503 843 3553 20
861 3499 1005 3552 consentis
1027 3497 1082 3553 VP
1101 3517 1167 3554 oon-

139 3566 408 3690 {gnffihgffluso
430 3567 619 3691 {tpgarbcrum
647 3564 674 3620 G
700 3581 842 3622 armorum
872 3565 939 3622 VPb
965 3581 1114 3622 ramorum
1141 3571 1171 3622 A
