2530 3922
292 125 544 198 cousnnuurvs
561 142 611 197 uu
628 141 770 198 ananus
788 149 839 200 354
1031 145 1075 212 39

75 289 119 348 est
130 285 318 349 remissurus
331 288 369 349 ut
391 286 481 350 mitis
497 289 529 350 et
552 286 702 370 clemens,
724 286 981 370 participemque
1000 309 1077 352 eum,

75 396 142 438 suae
162 372 342 440 maiestatis
367 373 568 459 adscisceret,
595 374 740 440 futurum
767 375 918 440 laborum
946 397 1073 460 quoque

75 463 192 546 socium,
216 485 296 546 quos
310 461 452 528 Arctoae
474 463 661 547 prouinciae
684 464 740 528 diu
761 463 868 530 fessae
886 463 1073 548 poscebant.

76 553 117 616 12.
125 554 221 636 utque
235 551 343 616 solent
356 573 488 616 manum
501 553 732 618 iniectantibus
746 553 824 618 fatis
840 552 990 619 hebetari
1005 573 1074 617 scn-

56 660 119 706 ssu
139 640 307 705 hominum
330 645 363 706 et
386 641 535 726 obtrmdi,
563 641 615 706 his
638 641 813 707 incelebris
838 641 879 706 ad
901 641 1074 706 meliorum

78 729 319 810 expectationem
348 733 475 794 erectus
503 751 716 815 egressusque
739 729 916 796 Antiochia
943 731 1075 796 nsunine

77 815 154 882 laeuo
176 818 329 883 ductante
352 841 485 902 prorsus
507 820 555 884 ire
578 819 734 884 tendebat
756 819 795 884 de
818 819 921 902 fumo,
943 823 980 884 ut
1001 841 1075 903 pro·

76 904 205 970 uerbium
237 907 384 992 loquitur
415 911 523 991 uetera,
556 907 597 972 ad
628 901 808 992 flammam,
840 912 874 972 et
905 908 1073 992 ingressus

78 991 379 1080 Constantinopolim
404 1000 573 1081 tamquam
599 997 636 1060 in
657 997 753 1062 rebus
784 996 949 1080 prosperis
973 1001 1006 1061 et
1029 1019 1076 1060 se-

49 1110 67 1148 11
78 1081 156 1165 curis,
178 1085 273 1148 editis
298 1085 503 1170 equestribus
526 1085 611 1150 ludis
635 1086 736 1170 capiti
759 1085 917 1150 Thoracis
941 1085 1074 1170 aurigae

77 1181 213 1236 coronam
235 1173 383 1257 inposuit
404 1177 441 1238 ut
463 1174 608 1239 uictoris.

150 1261 199 1325 13.
207 1261 424 1346 Quocugnito
435 1261 644 1328 Constantius
659 1263 748 1330 ultra
761 1263 935 1328 mortalem
944 1262 1075 1326 modurn

78 1349 182 1413 exarsit
203 1372 243 1416 ac
265 1373 372 1436 nequo
395 1373 473 1417 casu
491 1350 711 1417 idemGallus
735 1351 910 1416 defuturis
933 1351 1075 1416 incertus

77 1437 186 1520 agitare
214 1441 374 1523 quaedam
397 1441 607 1506 conducentia
635 1441 736 1506 saluti
764 1461 841 1506 suae
869 1461 927 1523 per
955 1439 1075 1503 itinera

51 1531 245 1612 coenaretur,
283 1530 402 1594 remoti
433 1535 510 1594 sunt
542 1531 654 1594 omnes
686 1530 725 1594 de
760 1527 921 1594 industria
953 1527 1076 1592 milites

78 1619 195 1696 agentes
209 1617 246 1681 in
260 1618 450 1683 ciuitatibus
464 1619 596 1703 peruiis.
622 1620 672 1684 14.
681 1640 783 1702 eoque
792 1621 939 1700 tempore
949 1615 1076 1682 Taurus

78 1708 212 1786 quaestor
235 1707 279 1770 ad
301 1705 493 1772 Armeniam
519 1707 639 1772 missus
667 1706 864 1772 confidenter
886 1727 946 1770 nec
969 1704 1078 1789 appel-

79 1791 133 1856 lato
154 1815 190 1858 eo
207 1817 274 1860 nec
297 1795 369 1860 uiso
392 1797 556 1862 transiuit.
587 1817 706 1862 uenere
728 1799 840 1861 tamen
862 1794 965 1878 aliqui
987 1794 1076 1862 iussu

79 1879 268 1964 imperatoris
294 1884 611 1952 administrationum
635 1884 741 1968 specie
763 1884 979 1966 diuersarum,
1003 1905 1077 1946 eun·

52 1969 137 2034 111111
156 1994 196 2036 ne
219 1995 426 2038 commouere
450 1995 484 2038 se
507 1977 629 2060 posset,
647 1995 730 2038 neue
752 1975 930 2056 temptaret
953 1971 1078 2054 aliquid

80 2060 184 2124 occulte
214 2061 422 2145 custodituri,
455 2061 541 2127 inter
569 2084 649 2146 quos
677 2061 832 2127 Leontius
860 2065 939 2143 erat,
962 2063 1078 2143 postea

80 2148 138 2212 urbi
162 2151 348 2234 praefectus
375 2155 411 2216 ut
435 2155 601 2236 quaestor,
629 2154 662 2215 et
684 2150 884 2215 Lucillianus
908 2148 1002 2232 quasi
1025 2147 1078 2211 do-

80 2239 271 2304 mesticorum
283 2261 390 2304 comes
409 2244 442 2304 et
457 2237 679 2304 Scutariorum
693 2239 844 2304 tribunus
858 2237 989 2302 nomine
1005 2235 1078 2300 Bai·

80 2325 235 2393 uobaudes.
262 2327 313 2394 15.
323 2329 460 2394 emensis
475 2329 586 2413 itaque
600 2328 708 2412 longis
723 2325 907 2392 interuallis
922 2328 955 2388 et
969 2324 1078 2407 planis

54 2430 137 2479 1111111
148 2415 420 2502 Hadrianopolim
441 2417 611 2482 introisset
632 2417 748 2482 urbem
760 2414 1078 2494 Haemimontanam,

81 2501 282 2572 Vscudamam
305 2507 443 2572 antehac
457 2505 667 2590 appellatam,
689 2505 857 2588 fessasque
880 2502 993 2568 labore
1015 2501 1078 2565 die·

82 2589 127 2654 bus
145 2594 315 2662 duodecim
336 2617 486 2660 recreans
510 2595 597 2660 uires
621 2593 767 2677 conperit
784 2592 954 2659 Thebaeas
978 2591 1079 2675 legio-

81 2699 125 2744 nes
145 2682 178 2747 in
198 2683 317 2749 uicinis
340 2684 467 2770 oppidis
481 2683 664 2748 hiemantes
680 2685 845 2748 consortes
861 2702 935 2746 suos
951 2679 1080 2744 misisse

84 2771 230 2858 quosdam,
254 2795 329 2838 eum
350 2777 388 2839 ut
410 2775 593 2838 remaneret
614 2771 783 2856 promissis
798 2770 871 2834 fidis
891 2770 1080 2834 hortaturos

56 2859 109 2920 hat
126 2858 233 2946 firmis,
257 2863 308 2927 sui
331 2863 448 2928 fiducia
472 2861 600 2926 abunde
621 2883 679 2945 per
702 2859 861 2925 stationes
884 2857 985 2922 locati
1008 2877 1083 2920 con-

83 2945 157 3030 fines,
178 2951 234 3014 sed
249 2951 444 3017 obseruante
459 2973 536 3016 cura
550 2949 706 3035 peruigili
719 2947 942 3032 proximorum
955 2944 1084 3008 nullam

84 3034 196 3102 uidendi
221 3039 277 3104 uel
305 3039 455 3106 audiendi
483 3061 566 3124 quae
594 3037 744 3103 ferebant
770 3037 875 3102 furari
901 3035 1009 3120 potuit
1036 3033 1087 3098 fa—

86 3183 280 3201 m
317 3189 321 3198 ι

139 3273 153 3321 a
169 3269 275 3326 adsciso
294 3275 324 3326 et
336 3271 363 3325 V
376 3271 546 3328 adscisceret
557 3272 588 3326 0.
597 3272 633 3326 F.
647 3271 690 3326 W.
699 3269 813 3327 11111111.
842 3275 857 3324 6
876 3270 985 3324 erectus
1003 3269 1083 3338 qua

309 3341 387 3390 eapite
399 3342 504 3382 thoracis

88 3385 208 3440 rectus?
259 3396 290 3444 10
308 3391 401 3459 capita
417 3392 448 3446 et
463 3391 574 3446 horacis
595 3390 622 3443 V
637 3389 724 3460 capiti
742 3387 854 3444 Coracis
872 3389 925 3457 bqa
973 3391 1005 3440 14
1022 3387 1083 3456 agi-

89 3450 150 3506 aret
167 3453 217 3510 VP
259 3462 291 3512 22
310 3459 339 3512 et
355 3458 407 3528 bpc
423 3459 457 3512 ut
477 3458 529 3514 VP
571 3464 604 3512 26
622 3457 808 3512 uscudamam
830 3454 917 3510 VPha
956 3459 989 3508 30
1006 3453 1084 3508 locat

90 3515 157 3641 olgi&
171 3529 224 3661 ἐξ
242 3525 375 3596 peruigili
395 3523 519 3596 V²Pc9a
535 3525 672 3596 perusgili
694 3523 733 3579 1¹¹
803 3529 835 3578 32
855 3520 971 3575 didendi
992 3519 1019 3574 V
1041 3520 1084 3574 di-
