2430 3928
121 180 165 245 64
531 175 583 230 xv
600 181 625 242 a,
647 181 729 229 a-re

122 323 164 388 ad
173 321 580 388 intemeeionembarbaris
588 319 792 386 uastantibus
801 317 1143 382 uniuersazaestuans-

123 435 184 499 que
208 411 275 496 diu,
304 433 368 496 qua
390 411 425 474 ui
452 411 659 495 propulsaret
683 429 851 474 aerumnas
879 408 950 491 ipse
977 405 1012 470 in
1039 405 1143 470 Italia

122 502 267 568 residens
290 504 328 565 ut
351 501 558 584 cupiebat-
577 499 796 583 periculosum
820 496 907 561 enim
930 496 1144 560 existimabat

124 615 158 656 se
186 591 221 654 in
248 593 374 675 partem
402 590 592 655 contrudere
620 589 719 673 longe
747 587 905 652 dimotam
928 585 1144 670 -repperit

122 681 253 746 tandem
280 679 452 744 consilium
475 682 600 744 rectum
628 682 661 742 et
683 677 846 742 Iulianum
873 676 1054 760 patruelem
1078 675 1172 739 fra-⁵

122 774 207 834 trem
229 769 311 834 haut
333 769 381 834 ita
395 769 514 834 dudum
529 769 569 833 ab
584 767 727 832 Achaico
748 769 855 831 tractu
869 766 1016 849 accitum,
1040 765 1144 830 etiam

122 863 194 924 tum
216 859 389 943 palliatum
416 858 451 922 in
478 858 667 922 societatem
695 856 825 940 imperii
852 855 1029 920 adsciscere
1053 855 1144 938 cogi-

122 949 224 1014 tabat.
254 950 284 1012 2.
307 948 341 1013 id
363 947 420 1011 ubi
443 951 579 1031 urgente
602 947 763 1011 malorum
787 944 1029 1029 inpendentium
1052 944 1143 1009 mole

124 1038 289 1108 confessus
318 1040 367 1101 est
396 1037 551 1121 proximis
580 1036 786 1101 succumbere
814 1039 865 1099 tot
890 1033 1143 1100 necessitatibus

123 1131 255 1211 tamque
270 1126 392 1191 crebris
407 1147 507 1190 uuum
521 1147 564 1208 se,
588 1125 673 1210 quod
686 1145 863 1209 numquam
877 1124 1008 1206 fecerat,
1028 1128 1144 1208 aperte
1160 1140 1185 1177 10

124 1217 359 1280 demonstrans:
382 1215 433 1279 illi
456 1214 491 1278 iu
514 1215 770 1279 adsentationem
792 1214 929 1278 nimiam
953 1213 1071 1278 eruditi
1094 1213 1145 1276 in-

123 1306 297 1372 fatuabant
318 1303 494 1388 hominem,
516 1303 601 1368 nihil
625 1326 695 1368 esse
717 1304 765 1368 ita
788 1325 939 1387 asperum
953 1302 1143 1367 dictitantes

125 1396 211 1481 quod
241 1397 437 1479 praepotens
470 1395 538 1458 eius
570 1393 674 1458 uirtus
706 1393 900 1478 fortunaque
932 1396 999 1457 tam
1031 1391 1144 1456 uicina

125 1485 285 1550 sideribus
308 1506 375 1550 non
398 1487 566 1566 superaret
589 1505 628 1546 ex
650 1504 750 1547 more.
796 1482 1020 1566 addebantque
1042 1503 1144 1545 noxa-

124 1597 196 1638 rum
220 1573 417 1638 conscientia
444 1571 632 1636 stimulante
661 1571 831 1656 conplures
859 1571 1008 1655 deinceps
1032 1571 1145 1635 caueri
1159 1584 1185 1624 1⁵

125 1663 241 1726 debere
270 1659 417 1726 Caesaris
445 1682 576 1744 nomen,
604 1662 797 1744 replicantes
826 1665 919 1745 gesta
947 1662 1005 1726 sub
1035 1659 1145 1724 Gallo.

125 1752 155 1815 3.
179 1750 250 1834 quis
271 1750 490 1814 adnitentibus
506 1749 670 1814 obstinate
684 1751 870 1834 opponebat
885 1771 918 1814 se
933 1749 1005 1814 sola
1018 1750 1145 1834 regina,

125 1840 294 1924 incertum,
317 1839 548 1923 migrationem
572 1839 612 1902 ad
635 1839 815 1925 longinqua
834 1839 1076 1924 pertimescens,
1100 1862 1145 1904 an

124 1949 184 2012 pro
208 1929 320 1992 natiua
342 1927 514 2012 prudentia
533 1928 705 1996 consulens
727 1929 762 1992 in
785 1951 953 1994 commune
977 1927 1145 1994 omnibus-

126 2039 187 2102 que
224 2037 408 2081 memorans
446 2017 599 2101 anteponi
636 2017 752 2082 debere
789 2019 1015 2102 propinquum·
1065 2023 1145 2103 post
1159 2033 1185 2072 20

125 2107 292 2191 multaque
319 2127 378 2191 per
405 2105 656 2171 deliberationes
686 2107 855 2192 ambiguas
885 2107 1020 2174 actitata
1047 2109 1145 2172 stetit

125 2196 190 2260 fixa
222 2196 384 2261 sententia
416 2194 614 2280 abiectisque
647 2195 920 2280 disputationibus
953 2197 1062 2260 inritis
1102 2198 1145 2262 ad

124 2286 297 2370 imperium
319 2285 443 2370 placuit
465 2284 627 2350 Iulianum
651 2285 827 2351 adsumere.
850 2287 880 2350 4.
902 2308 974 2351 cum
996 2286 1146 2351 uenisset

125 2375 246 2440 accitis
269 2375 434 2458 praedicto
459 2373 520 2458 die,
543 2375 700 2440 aduocato
715 2377 804 2440 omni
827 2376 912 2460 qued
927 2376 1037 2440 aderat
1056 2397 1146 2441 com·

125 2464 255 2548 militie,
277 2463 436 2528 tribunali
458 2464 502 2528 ad
523 2463 673 2528 altiorem
696 2468 888 2549 suggestum
911 2469 1031 2549 erecto,
1056 2465 1146 2550 quod
1161 2477 1187 2518 2⁵

124 2552 253 2635 aquilae
277 2551 554 2617 circumdederunt
577 2557 610 2618 et
632 2553 736 2638 signa,
759 2553 926 2639 Augustus
950 2554 1145 2619 inscendens

125 2662 260 2724 eumque
284 2663 382 2705 manu
404 2640 547 2706 retinens
570 2642 711 2726 dextera,
735 2643 815 2708 haee
839 2665 987 2709 sermone
1011 2643 1145 2728 placido

123 2730 302 2814 perorauit:

214 2819 244 2884 5.
267 2818 477 2884 ‘Adsistimus
493 2821 577 2905 apud
591 2842 659 2906 uos,
674 2822 790 2905 optimi
804 2822 852 2886 rei
870 2823 1019 2906 publicae
1034 2821 1146 2887 defen-

125 2929 229 2993 sores,
265 2931 378 2974 causae
416 2910 579 2974 communi
611 2932 674 2974 uno
706 2932 808 2994 paene
841 2911 986 2976 omniurn
1022 2911 1188 2995 spiritus>

124 2997 348 3081 uindicandae,
380 3020 477 3082 quam
500 3003 629 3063 aeturus
651 3003 820 3088 tamquam
843 3000 928 3084 apud
952 3021 1071 3084 aequos
1098 3002 1145 3065 iu-

193 3228 208 3276 6
226 3222 348 3278 Achaico
369 3225 463 3278 tractu
486 3225 608 3280 accitum
630 3225 782 3282 Licdeabr.
805 3229 904 3283 achaia
926 3229 1074 3288 contactu
1099 3245 1144 3283 ac-

125 3287 225 3370 eituV
290 3293 368 3345 best
385 3292 527 3347 confessus
543 3299 679 3363 traaepos.
698 3295 778 3374 Pbpa
838 3303 870 3350 12
888 3311 947 3350 esse
965 3295 1008 3350 ita
1026 3295 1061 3350 G.
1079 3313 1144 3352 esee

124 3357 174 3411 has
195 3359 237 3412 rta
267 3357 318 3412 VP
388 3365 418 3414 1⁷
445 3363 609 3430 opponebat
633 3362 659 3416 G
685 3362 834 3432 opnnebat
860 3362 887 3417 V
910 3363 1059 3418 obtinebat
1079 3365 1144 3420 Poa

123 3431 156 3478 21
175 3426 293 3480 actitata
310 3426 391 3481 stetit
409 3427 436 3481 G
458 3429 558 3484 aetites
576 3432 605 3485 te
623 3431 656 3484 ut
677 3430 703 3483 V
769 3437 802 3486 23
825 3430 973 3486 adsumere
990 3433 1072 3502 Pbpa
1095 3434 1144 3486 ad-

124 3492 264 3572 sumetV
308 3495 361 3574 *24
398 3496 506 3574 rodicte
529 3497 581 3552 VP
632 3504 665 3554 25
682 3498 819 3552 tribunali
837 3498 899 3568 [tae.
918 3503 937 3554 8
954 3499 1023 3578 nial
1037 3500 1144 3556 tionem

127 3559 179 3614 VP
196 3561 332 3616 tribunah
350 3579 367 3616 a
404 3562 535 3618 altrorem
553 3566 605 3635 baa
661 3571 694 3620 26
712 3566 878 3622 inscendens
898 3567 925 3620 G
942 3567 1099 3638 insigrneus
1121 3568 1148 3620 V

124 3633 155 3680 31
175 3629 250 3697 apud
269 3646 374 3699 aequos
394 3629 420 3684 G
437 3633 540 3700 poetae
559 3649 629 3701 quos
650 3633 718 3688 VPb
734 3636 835 3703 potero
853 3650 903 3690 uos
921 3639 948 3688 A
