2430 3928
232 211 492 268 CONSTANTIVS
510 211 557 266 ΕΤ
576 210 751 266 IVLIANVS
769 217 819 268 356
991 211 1034 280 85

42 362 70 420 ut
89 357 223 424 consciae
247 360 280 422 et
293 355 401 422 Dorus
416 355 547 421 euanuit
570 360 603 421 et
616 346 816 422 Veris'simus
840 353 915 420 ilico
930 354 1034 420 tacuit

42 446 114 510 uelut
131 447 244 532 ¹aulaeo
268 446 415 530 deposito
439 467 561 510 scenae.

113 535 141 602 7.
156 538 184 600 1.
202 535 310 602 Isdem
324 536 437 601 diebus
460 535 593 620 adlapso
608 557 738 602 rumore
753 533 964 608 Constantius
980 531 1034 598 do·

41 634 95 689 ctus
108 625 236 692 obsesso
251 625 337 710 apud
351 623 495 692 Senonas
510 624 642 692 Caesari
661 625 818 690 auxilium
831 645 899 690 non
915 622 1031 688 tulisse

21 714 220 800 ollarcellum,
253 737 326 780 eum
354 719 561 781 sacramento
586 715 730 780 solutum
757 714 847 780 abire
870 712 966 778 iussit
998 711 1034 776 in

40 804 129 868 larem
158 806 215 890 qui
237 809 405 890 tamquam
427 805 546 871 iniuria
569 805 664 890 graui
686 805 852 889 perculsus
876 801 1033 887 quaedam

40 892 241 962 inlulianum
268 893 465 960 moliebatur
493 895 625 960 auribus
652 893 796 978 Augusti
828 891 966 958 confisus
998 891 1034 956 in

41 1003 114 1048 omne
134 984 324 1068 patentibus
347 985 478 1050 crimen.
524 985 554 1050 2.
589 984 725 1068 ideoque
750 1005 823 1048 cum
846 980 1034 1064 discederet,

40 1070 194 1140 Eutherius
226 1074 431 1160 praepositus
465 1073 606 1139 cubiculi
638 1074 782 1140 mittitur
814 1071 928 1138 statim
959 1073 1035 1154 post

14 1183 97 1226 neum
119 1164 227 1249 siquid
253 1163 383 1229 finxerst
411 1164 628 1230 conuicturus.
672 1185 785 1230 uerum
813 1162 871 1227 ille
898 1160 960 1225 hoc
982 1180 1035 1224 ne·

41 1251 122 1318 eciem
143 1275 221 1319 mox
243 1253 335 1319 uenit
352 1252 574 1320 Mediolanum
596 1257 744 1337 strepens
768 1256 802 1316 et
823 1249 1036 1331 tumultuans,

40 1345 67 1404 ut
85 1347 149 1409 erat
171 1343 339 1409 uanidicus
359 1348 392 1408 et
415 1343 537 1410 amenti
559 1343 702 1426 propior,
725 1341 884 1408 admissus
907 1339 943 1404 in
963 1359 1036 1402 con-

39 1430 187 1498 sistorium
208 1432 371 1499 Iulianum
394 1438 432 1498 ut
453 1455 622 1518 procacem
645 1432 823 1515 insimulat,
846 1430 975 1513 iamque
995 1426 1035 1491 ad

39 1523 223 1606 euagandum
251 1522 349 1589 altius
376 1522 552 1590 ualidiores
585 1522 650 1588 sibi
680 1523 796 1606 pinnas
829 1522 956 1603 aptare:
987 1516 1036 1581 ita

14 1611 109 1675 sienim
130 1635 202 1678 curn
225 1617 317 1680 motu
340 1613 479 1698 quodam
507 1612 650 1697 corporis
678 1611 873 1696 loquebatur
899 1605 1036 1691 ingenti.

39 1700 61 1763 3.
72 1700 144 1768 baec
158 1725 196 1768 eo
210 1703 355 1788 fingente
369 1703 520 1768 licentius
534 1701 712 1767 Eutherius
726 1704 764 1766 ut
785 1697 967 1786 postulauit
989 1695 1036 1760 in-

39 1789 134 1857 ductus
158 1793 329 1877 iussusque
352 1791 443 1877 loqui
467 1792 553 1877 quod
575 1792 689 1876 uellet,
711 1788 890 1856 uerecunde
914 1792 947 1852 et
970 1807 1036 1852 mo-

39 1878 94 1944 dice
115 1881 207 1948 docet
229 1882 333 1948 uelari
354 1881 529 1947 ueritatem
551 1881 736 1946 mendaciis.
768 1879 926 1963 magistro
950 1875 1037 1942 enim

40 1990 199 2057 armorum,
225 1976 264 2037 ut
291 1972 494 2055 credebatur,
522 1974 668 2037 cessante
697 1969 844 2035 consulto
876 1964 1037 2032 industria
1151 2013 1155 2020 .

39 2059 120 2143 uigili
142 2059 312 2127 Gaesarem
335 2060 501 2127 obsessum
526 2060 611 2145 apud
634 2059 778 2126 Senonas
803 2058 858 2122 diu
879 2056 1037 2122 barbaros

40 2151 202 2234 reppulisse
234 2151 515 2236 apparitoremque
547 2150 647 2214 fidum
680 2148 805 2216 auctori
840 2167 898 2212 suo
933 2141 1038 2230 quoad

39 2237 142 2305 uixerit
162 2240 232 2306 fore
255 2240 404 2326 obligata
427 2241 550 2322 ceruice
574 2263 633 2304 sua
656 2237 844 2324 spondebat.

113 2331 141 2394 4.
167 2329 232 2396 Res
259 2331 388 2396 monuit
415 2351 511 2414 super
533 2329 596 2394 hoc
619 2330 731 2395 eodem
753 2325 912 2392 Eutherio
935 2341 1038 2408 pauca

39 2417 188 2484 subserere
211 2420 351 2486 fortisan
372 2442 440 2486 non
462 2419 619 2484 credenda
643 2441 681 2484 ea
702 2441 746 2502 rc,
770 2414 864 2501 quod,
887 2412 916 2477 si
929 2410 1039 2477 Numa

13 2523 29 2560 a
41 2505 202 2593 Pompilius
226 2510 279 2575 uel
294 2508 443 2575 Socrates
466 2509 553 2574 bona
575 2507 733 2594 quaedam
748 2507 890 2570 dicerent
913 2501 952 2568 de
969 2521 1040 2585 spa·

41 2593 109 2662 done
129 2599 287 2685 dictisque
313 2599 511 2684 religionum
534 2599 688 2664 adderent
715 2596 825 2680 fidem,
854 2616 873 2659 a
898 2590 1038 2658 ueritate

41 2684 195 2754 desciuisse
210 2689 440 2773 arguebantur.
472 2688 528 2752 sed
551 2689 637 2754 inter
658 2708 772 2772 uepres
796 2705 891 2750 rosae
904 2700 1040 2747 nascim-

42 2779 87 2838 tur
105 2782 133 2844 et
160 2778 246 2844 inter
274 2779 359 2844 feras
381 2799 449 2844 non
475 2777 585 2842 nullae
612 2777 795 2842 mitescunt.
840 2774 950 2857 itaque
974 2791 1040 2835 car-

41 2865 110 2943 ptim
130 2869 197 2934 eius
221 2868 406 2953 praecipua,
433 2890 515 2953 quae
543 2871 619 2932 sunt
646 2869 814 2950 conperta,
840 2859 1039 2958 monstrabp.

13 2974 30 3006 ⁵¹*
42 2951 68 3016 5.
87 2962 172 3023 natus
194 2958 231 3024 in
243 2957 400 3023 Armenia
422 2957 580 3042 sanguine
599 2957 702 3022 libero
718 2958 894 3038 captusque
910 2947 1040 3015 afinitr-

42 3043 93 3107 mis
112 3045 260 3113 hostibus
289 3048 389 3113 etiam
415 3052 486 3112 tum
513 3047 668 3130 paruulus
697 3043 872 3110 abstractis
901 3035 1040 3125 geminis

43 3129 179 3202 Romanis
193 3137 430 3203 mercatoribus
445 3137 647 3202 uenundatus
659 3135 699 3200 ad
713 3133 874 3219 palatium
885 3127 1042 3195 Constan-

43 3220 94 3287 tini
113 3226 290 3292 deducitur:
313 3227 370 3292 ubi
393 3226 552 3311 paulatim
575 3225 762 3291 adulescens
779 3223 939 3288 rationem
952 3220 1040 3284 reete

101 3489 198 3546 tubiro
212 3491 267 3546 (ΞΑ
282 3491 388 3545 hahere
404 3489 471 3546 VPb
505 3490 640 3545 Serimon
652 3519 685 3529 -
698 3494 713 3543 9
745 3486 903 3557 raepositus
918 3480 1042 3538 VoAPr

48 3556 109 3610 crab
140 3559 346 3631 IipropriorV
379 3559 510 3615 18uelari
521 3557 722 3614 V²GAuelarc
763 3556 816 3610 ¹Pb
850 3551 1041 3628 20diutroopo·

44 3626 121 3685 poss
190 3635 223 3684 27
241 3644 273 3682 ar
314 3627 428 3683 arentur
447 3627 501 3682 Gn
540 3633 573 3682 29
591 3627 652 3681 eius
669 3641 721 3681 om.
738 3623 819 3694 Pbpa
853 3628 886 3676 33
903 3618 1043 3691 paulatim

49 3689 99 3757 llac.
111 3641 213 3767 idalia]
227 3713 280 3752 acu
292 3711 321 3752 es
334 3697 396 3767 [lac.
408 3701 441 3752 11
454 3695 517 3765 litt]
530 3695 680 3750 irationem
696 3692 748 3749 VP
761 3689 903 3761 suppleuit
917 3688 1043 3746 Valesius
