2530 3922
226 203 467 262 PERDITORVM
485 208 677 264 LIBRORVM
694 207 892 274 RELIQVIAE
1056 209 1076 272 3

156 358 309 418 cmrcntes
333 355 513 420 uicinarum
537 355 684 439 gentium
707 355 863 438 strepitus
883 357 1004 421 nostris
1019 356 1073 422 du·

156 443 238 508 cibus
260 443 460 509 intimarent.

79 547 155 612 XIII.
178 549 228 634 15,
249 549 283 634 5,
309 551 350 616 16
371 547 616 638 (Laniogaisus)
639 573 734 635 quem
757 587 800 598 -
825 589 867 599 -
892 553 998 618 solum
1022 553 1076 618 ad·

152 637 244 703 firisse
267 640 426 705 morituro
451 638 658 706 Constanti
682 663 780 724 supra
802 642 998 708 rettulimus.

348 783 529 867 Muqectc'us
551 788 580 847 et
601 781 777 849 Deceatc'as.

78 887 169 954 XIIII.
194 890 247 974 16,
277 891 311 974 6,
338 891 359 956 2
382 889 490 958 Dorus
514 924 557 936 —·
581 927 623 936 —
648 914 744 976 quem
769 893 945 958 nitentium
967 916 1074 958 rerum

150 979 367 1044 centurionem
391 980 450 1044 sub
474 979 699 1064 Magnentio
726 981 851 1047 Romae
883 987 1072 1066 prouectum

148 1069 330 1134 rettulimus
361 1091 530 1148 accusasse
554 1067 752 1154 Adelphium
775 1072 849 1136 urbi
871 1072 1072 1156 praefectum

148 1162 182 1222 ut
204 1158 325 1224 altiora
349 1162 563 1243 coeptantem.

74 1263 132 1328 XV.
153 1265 202 1349 22,
227 1266 279 1350 13,
302 1266 323 1330 3
345 1264 558 1349 Asclepiades
581 1265 805 1353 philosophus,
829 1269 918 1332 cuius
942 1269 978 1332 in
996 1269 1074 1332 acti-

146 1354 203 1418 bus
227 1354 433 1439 Magnenti
456 1355 671 1419 meminimus.
815 1373 817 1380 ’

73 1459 146 1525 XVI.
169 1461 220 1546 21,
245 1462 276 1545 8,
293 1462 309 1526 1
335 1465 368 1526 et
382 1460 474 1526 Iouio
490 1465 698 1546 quaesturam
713 1459 890 1548 (commisit
904 1461 1074 1552 Iulianus),

146 1552 232 1615 cuius
257 1552 293 1616 in
316 1550 443 1615 actibus
466 1549 668 1636 Magnenti
691 1551 907 1618 meminImus.

72 1654 161 1722 XVII.
184 1658 239 1740 15,
264 1658 299 1742 6,
322 1659 345 1722 4
366 1653 588 1746 (Poemenius)
611 1659 676 1744 qui,
697 1662 734 1724 ut
758 1660 1074 1744 supra'rettulimus,

146 1768 215 1812 curn
230 1746 362 1812 Treuiri
376 1747 543 1812 ciuitatem
559 1746 692 1813 Caesari
706 1748 918 1814 claussisscnt
930 1749 1074 1814 Decen-

144 1837 213 1922 tio,
238 1835 282 1902 ad
304 1835 536 1902 defendendam
558 1837 687 1920 plebem
711 1838 831 1902 electus
856 1842 914 1902 est.

479 1977 650 2046 Veteranio.

71 2081 177 2152 XVIH.
199 2087 259 2172 21,
284 2087 318 2171 8,
343 2088 359 2151 1
385 2085 597 2152 GumoarIum
619 2088 819 2171 proditorem
842 2088 1011 2172 antiquum
1034 2088 1074 2152 ti-

143 2198 248 2261 mens,
278 2197 372 2260 quem
396 2197 468 2240 cum
493 2174 660 2241 Scutarios
684 2181 810 2262 ageret,
838 2177 979 2240 latenter
1001 2198 1074 2259 pro-

143 2265 264 2330 didisse
279 2263 584 2330 Veteranionem
607 2288 700 2331 suum
718 2267 897 2351 principem
913 2265 1074 2330 audiebat.

461 2406 667 2473 Uorcstcatc‘us.

72 2508 193 2578 XVIIII.
220 2516 279 2598 14,
309 2516 366 2598 10,
389 2515 410 2578 2
432 2513 639 2580 Herculanus
662 2552 704 2561 -
729 2551 771 2560 —-
794 2512 1011 2597 Hermogenis
1035 2533 1073 2576 ex

143 2605 307 2690 magistro
340 2604 484 2688 equitum
516 2604 603 2668 filius
635 2604 719 2688 apud
745 2601 1072 2686 Constantinopolim,

143 2697 313 2866 dissid-lbi?
345 2693 545 2777 rettulimus,
577 2693 728 2777 populari
752 2692 914 2776 quondam
943 2690 1073 2756 turbela

71 2881 204 2973 1116,
236 2890 292 2973 10,
322 2889 363 2954 rc
387 2888 553 2973 Ormizda,
581 2867 671 2954 auius
700 2887 873 2954 erasa
896 2886 1073 2950 crsasum

144 3000 243 3062 supra
267 2979 531 3043 monstrauimus.

70 3076 142 3146 XXI.
166 3085 221 3168 14,
248 3086 281 3169 7,
307 3087 324 3150 7
351 3083 545 3150 Serenianus
569 3085 723 3168 exduce,
747 3084 836 3148 cuius
864 3082 997 3168 ignauia
1018 3104 1073 3166 po-

143 3174 294 3256 pulatam
317 3173 352 3238 in
365 3173 527 3238 Phoenice
542 3172 661 3238 Celsen
683 3177 757 3237 ante
781 3173 966 3238 rettulimus
977 3208 1019 3217 —
1030 3209 1072 3216 -

70 3271 160 3344 XXII.
180 3281 232 3365 18,
248 3281 279 3364 9,
293 3280 314 3344 3
329 3302 410 3366 quos
424 3277 694 3367 (Superuentor'cs
710 3284 807 3365 atquc
821 3273 1073 3362 Praeuentorcs)

144 3369 269 3434 tirones
287 3373 359 3435 tum
374 3369 474 3434 etiam
487 3369 636 3435 nouellos
657 3368 811 3434 hortante
825 3370 1005 3432 memorato
1020 3364 1072 3428 ad-

146 3455 208 3522 huc
222 3461 406 3542 protectore
431 3459 574 3543 erupisse
590 3481 609 3522 a
624 3456 764 3541 Singara
778 3457 959 3540 Persasque
981 3453 1071 3516 fusos

148 3545 183 3610 in
206 3569 357 3612 somnum
379 3549 566 3613 rettulimus
590 3547 771 3611 trucidasse
795 3546 974 3629 conplures.

73 3645 126 3730 (Ut
133 3659 292 3734 praeterea
304 3655 436 3720 induem
449 3655 504 3720 sab
517 3654 629 3719 boram
643 3655 861 3734 Imperatorum
875 3646 1073 3781 aporiamus.)

879 3757 892 3802 1
