2430 3928
158 185 220 253 102
539 177 605 234 XVI
627 185 665 246 ln,
682 182 794 246 20-32,

156 327 313 394 indicauit
338 347 396 410 per
424 323 568 390 triduum
596 326 630 386 et
652 319 843 386 trinoctium
871 319 993 385 flumen
1011 319 1153 384 namna

156 418 347 484 Germanos.
393 414 445 480 20.
460 434 541 499 quor
563 433 636 476 cum
650 411 718 476 iam
730 431 832 495 prope
841 408 1014 474 densantes
1025 407 1155 474 semetin

156 527 275 574 cuneos
301 507 490 571 nostrorum
518 521 713 585 conspexere
740 498 904 583 ductores,
932 501 1091 564 steterunt
1113 519 1155 562 ue

157 595 269 682 stigiis
291 594 375 677 fixis,
398 591 593 677 antepilanis
617 589 823 674 hastatisque
838 591 872 654 et
885 587 1035 652 ordinum
1056 585 1155 671 primis
1206 623 1207 672 q

154 687 247 752 uelut
269 682 441 749 insolubili
463 704 556 748 muro
579 679 722 746 fundatis
747 682 780 744 et
809 677 883 762 pari
905 676 1034 742 cautela
1059 674 1175 741 hosass
1206 719 1207 724 κ

157 781 278 841 stetere
294 771 432 840 cuneati.
477 772 531 836 21.
545 791 681 856 cumque
696 768 745 836 ita
759 771 797 834 ut
810 771 886 834 ante
900 766 1005 832 dictus
1019 765 1158 830 docuerat

157 864 304 950 perfuga,
326 862 508 947 equitatum
532 881 661 926 omnem
684 880 704 924 a
726 858 840 924 dextro
863 857 966 922 latere
990 855 1055 922 sibi
1076 854 1159 920 uidis-

157 957 232 1019 sent
246 952 441 1038 oppositum,
465 950 618 1035 quicquid
641 947 725 1033 apud
740 969 795 1013 eos
810 969 867 1031 per
881 949 1050 1032 equestres
1063 943 1159 1028 copias

156 1041 390 1128 praepollebat,
404 1041 439 1106 in
452 1040 547 1106 laeuo
562 1061 662 1105 cornu
675 1038 825 1103 locauere
840 1035 1032 1102 confertum
1059 1033 1160 1100 isdem·
1207 1067 1208 1118 q

158 1153 220 1217 que
249 1129 389 1215 sparsim
417 1129 543 1214 pedites
570 1129 729 1194 miscuere
758 1126 992 1192 discursatores
1020 1127 1057 1189 et
1085 1123 1208 1208 leucen

154 1219 304 1306 profecto
327 1218 453 1285 ratione
476 1222 549 1284 tuta
571 1221 734 1303 poscente.
778 1216 831 1282 22.
844 1219 964 1280 norant
987 1213 1076 1280 enim
1097 1212 1162 1277 licet
1207 1235 1208 1282 l

158 1310 351 1395 prudentem
374 1331 413 1376 er
437 1331 518 1394 equo
545 1307 741 1374 bellatorem
763 1327 837 1372 cum
860 1304 1039 1372 clibanario
1063 1306 1162 1370 nostro

158 1419 369 1486 congressum
401 1398 494 1465 frena
522 1399 717 1465 retinentem
749 1401 782 1463 et
812 1400 953 1482 scutum,
983 1395 1083 1462 hasta
1112 1417 1164 1460 una

157 1513 257 1556 manu
278 1490 417 1574 uibrata,
438 1489 640 1575 tegminibus
663 1488 777 1554 ferreis
801 1487 990 1557 abscondito
1021 1485 1164 1552 bellatori

157 1601 274 1645 nocere
300 1602 368 1645 non
392 1601 502 1663 posse,
529 1578 672 1662 peditem
695 1599 771 1643 uero
793 1577 880 1643 inter
902 1577 992 1662 ipsos
1015 1574 1190 1650 discrimia

157 1692 235 1734 num
257 1669 410 1752 uertices,
434 1690 507 1733 cum
529 1668 613 1733 nihil
638 1667 746 1733 caueri
769 1667 855 1732 solet
882 1670 1012 1752 praeter
1033 1665 1071 1732 id
1093 1663 1166 1750 quod

158 1758 308 1842 occurrit,
330 1756 422 1822 humi
445 1757 570 1822 occulte
584 1761 768 1843 reptantem
790 1756 893 1822 latere
916 1755 1023 1822 forato
1039 1753 1167 1822 iumenti

158 1846 325 1912 incautum
343 1850 505 1912 rectorem
526 1847 738 1932 praecipitem
752 1867 849 1932 agere
872 1845 939 1912 leui
952 1845 1090 1930 negotio
1112 1850 1167 1908 tru-

160 1933 339 2002 cidandum.
372 1937 424 2002 23.
438 1935 501 2002 hoo
523 1937 634 2022 itaque
657 1936 817 2022 disposito
840 1936 991 2001 dextrum
1012 1935 1067 2001 sui
1091 1935 1166 2000 latus

161 2028 308 2090 struxere
336 2025 546 2092 clandestinis
576 2026 703 2094 insidiis
731 2029 764 2092 et
791 2025 946 2092 obscuris.
996 2024 1209 2091 ductabantr

159 2117 270 2180 autem
295 2115 434 2200 populos
463 2138 574 2182 omnes
606 2137 769 2202 pugnaces
798 2119 832 2182 et
863 2135 979 2188 saeuos
1008 2113 1168 2182 Chonodo·
1208 2165 1209 2168 ,

158 2203 280 2270 marius
295 2209 328 2270 et
343 2203 477 2290 Serapio
496 2209 660 2291 potestate
675 2206 868 2271 excelsiores
882 2208 958 2270 ante
973 2205 1060 2270 elios
1077 2225 1170 2289 reges.

159 2293 212 2361 24,
227 2296 261 2359 et
270 2291 549 2361 Chonodomarius
561 2295 691 2381 quidem
700 2295 843 2361 nefarius
857 2295 938 2360 belli
953 2295 1060 2361 totius
1073 2295 1171 2360 incen-
1208 2345 1209 2348 ,

158 2387 221 2467 tor,
243 2384 333 2450 cuius
347 2385 463 2451 uertici
486 2385 654 2452 flammeus
675 2384 802 2450 torulus
821 2385 1007 2469 aptabatur,
1029 2384 1172 2450 anteibat

159 2493 259 2538 cornu
282 2473 452 2540 sinistrum
474 2474 579 2540 audax
602 2479 636 2540 et
657 2475 760 2540 fidens
782 2473 910 2558 ingenti
931 2473 1052 2539 robore
1080 2474 1173 2537 lacer·
1183 2487 1196 2525 21

158 2564 281 2646 torum,
313 2562 370 2628 ubi
403 2561 498 2628 ardor
528 2563 648 2648 proelii
680 2563 872 2648 sperabatur
903 2562 1064 2647 inmanis,
1098 2583 1173 2648 equo

159 2654 331 2733 spumante
359 2651 545 2736 sublimior,
573 2657 699 2722 erectus
726 2653 762 2718 in
787 2653 930 2718 iaculum
952 2651 1173 2718 formidandae

158 2739 325 2805 uastitatis
335 2762 563 2826 armorumque
577 2742 684 2808 nitore
698 2743 899 2828 conspicuus,
914 2746 1011 2808 antea
1025 2746 1174 2808 strenuus

159 2832 193 2892 et
206 2827 301 2894 miles
316 2832 349 2894 et
362 2829 454 2894 utilis
468 2835 599 2914 praeter
613 2835 737 2898 ceteros
752 2832 874 2898 ductor.
920 2831 972 2898 25.
986 2831 1079 2898 latus
1103 2850 1174 2896 uero

158 2917 307 3018 dextrum
330 2917 465 3004 Serapio
489 2921 609 3005 agebat
632 2921 732 2989 etiarn
758 2926 829 2988 tum
852 2921 982 2986 adultae
1010 2919 1176 3006 lanuginis
1187 2935 1201 2976 ³·

159 3007 294 3092 iuuenis,
309 3008 453 3074 efficacia
466 3031 677 3093 praecurrens
692 3013 848 3076 aetatem:
871 3009 1052 3076 Mederichi
1067 3009 1176 3076 fratris

159 3092 412 3164 Chonodomarii
425 3097 523 3183 filius,
536 3098 680 3166 hominis
694 3099 800 3185 quoad
813 3099 940 3164 uixerat
953 3097 1178 3182 perfidissimi:

158 3183 230 3249 idco
255 3183 301 3250 sio
324 3186 517 3272 appellatus,
540 3189 626 3273 quod
648 3192 741 3272 pater
763 3187 832 3253 eius
855 3187 912 3253 diu
934 3187 1110 3254 obsidatus
1137 3189 1179 3271 pi-

159 3292 260 3356 gnore
293 3277 403 3340 tentus
437 3277 473 3340 in
502 3276 619 3342 Galliis
649 3278 827 3362 doctusque
859 3275 983 3342 Graeca
1018 3277 1179 3362 quaedam

190 3462 245 3535 Ι,6
264 3458 378 3512 cuneati
395 3458 544 3516 Boiocalus
559 3460 709 3518 {cundanti
734 3460 786 3515 VP
802 3461 928 3516 cunctati
948 3461 1001 3530 δρα
1074 3467 1109 3517 1'1
1133 3461 1180 3515 hu·

158 3525 266 3579 militer
286 3525 390 3596 VPbpo
457 3527 578 3582 iumenti
593 3529 620 3582 G
636 3528 759 3583 sumenti
780 3528 867 3584 VPbo
936 3535 968 3586 19
985 3529 1089 3599 itaque
1102 3530 1181 3585 codd.

159 3607 279 3713 aas
296 3593 353 3716 ‘dr
370 3600 437 3717 alh
451 3601 535 3718 ‘hd
561 3595 1186 3722 lilibit‘d'rddtitlfflm‘fiffl'⁷
