2430 3928
257 175 510 236 CONSTANTIVS
527 179 574 234 ET
592 180 769 236 IVLIANVS
787 187 837 238 356
1014 185 1058 250 89

60 321 144 402 ctam,
179 321 373 386 anteriorem
405 321 585 408 chlamydis
622 328 750 409 partem
786 329 923 409 utraque
960 348 1058 392 manu

58 405 163 472 uehens
185 409 378 476 intrinsecus
402 415 599 478 structuram
623 435 752 480 ornnem
779 419 816 478 ut
845 415 981 480 amictus
1005 416 1062 480 ad·

57 503 215 562 ornauerat
248 499 458 585 principales:
495 525 577 588 quae
609 525 661 568 res
697 503 932 588 patrimonium
968 504 1058 570 diues

56 585 168 652 euertit.
523 589 525 593 ’

25 696 34 734 e
133 677 160 740 9.
182 677 392 764 Malignitate
406 681 507 746 simili
522 683 654 767 quidam
668 702 768 767 agens
783 682 818 746 in
831 682 928 748 rebus
952 681 987 747 in
1000 681 1062 748 Hi-

56 766 155 848 spania
169 767 208 831 ad
223 790 336 834 cenam
348 770 462 835 itidem
480 771 637 838 inuitatus
653 793 725 836 cum
739 771 915 838 inferentes
930 794 1060 856 uesper-

56 855 114 918 tina
138 855 262 922 lumina
288 881 406 942 pueros
434 861 630 926 exclamasse
659 861 802 926 audisset
824 883 864 926 ex
891 883 953 927 usu
975 861 1058 926 ‘uin
1112 897 1114 904 ·

57 947 305 1032 camus†perun
327 951 404 1013 ....'
429 950 586 1016 sollemne
602 998 806 1016 ............
820 951 1056 1036 interpretatus

56 1035 209 1120 atrociter,
233 1037 356 1103 deleuit
376 1039 521 1105 nobilem
544 1041 683 1106 domum.

27 1144 46 1181 c
132 1125 181 1190 10.
204 1125 295 1192 Haec
309 1128 454 1214 taliaque
469 1130 540 1194 ideo
555 1130 660 1214 magis
675 1129 844 1214 magisque
858 1129 1060 1212 crescebant,

56 1213 127 1295 quod
154 1212 367 1284 Constantius
399 1218 552 1303 inpendio
583 1219 717 1284 timidus
745 1241 872 1302 semper
899 1240 934 1283 se
966 1218 1058 1284 feriri

55 1303 206 1389 sperabat,
235 1310 273 1371 ut
295 1305 472 1391 Dionysius
500 1313 658 1392 tyrannus
681 1308 738 1372 ille
762 1305 907 1392 Siciliae,
935 1307 991 1392 qui
1014 1307 1056 1372 ob

55 1389 105 1455 hoe
117 1392 202 1458 idem
216 1395 336 1462 uitium
350 1402 384 1462 et
406 1398 579 1463 tonstrices
594 1397 705 1464 docuit
727 1397 822 1481 filias,
844 1396 938 1462 necui
951 1396 1057 1461 alieno

54 1501 102 1544 ora
123 1486 343 1551 committeret
365 1487 548 1572 leuiganda,
570 1487 744 1572 aedemque
766 1487 908 1570 breuem,
931 1485 988 1550 ubi
1007 1507 1061 1550 cu·

26 1568 147 1636 abitare
170 1579 335 1660 sueuerat,
363 1577 432 1642 alta
455 1577 666 1642 circumdedit
687 1577 778 1642 fossa
801 1597 935 1660 eamque
957 1577 1057 1659 ponte

55 1660 177 1726 solubili
199 1667 428 1748 superstrauit,
456 1667 546 1732 euius
570 1666 722 1732 disiectos
746 1687 870 1732 asseres
894 1668 928 1730 et
952 1663 1058 1729 axicu-

55 1747 95 1812 los
116 1773 225 1820 secum
247 1755 283 1818 in
306 1777 455 1820 somnum
482 1757 594 1822 abiens
620 1755 840 1820 transferebat
866 1754 1058 1838 eosdemque

55 1842 283 1926 conpaginabat
306 1844 388 1909 lucis
403 1845 498 1910 initio
513 1867 733 1929 processurus.
758 1843 983 1909 laudabant
1005 1843 1059 1908 iti-

55 1926 115 1992 dem
136 1928 198 1996 has
221 1933 383 1998 malorum
406 1935 552 2000 ciuilium
574 1935 709 1999 bucinas
732 1938 881 2019 potentes
909 1933 944 2000 in
965 1932 1058 2016 regia

27 2037 146 2102 usare,
170 2025 208 2086 ut
231 2023 458 2088 damnatorum
479 2025 585 2108 petita
607 2025 693 2089 bona
715 2023 782 2089 suis
806 2023 1059 2106 adcorporarent

56 2111 190 2194 essetque
213 2113 350 2176 materia
372 2135 431 2197 per
453 2113 639 2179 uicinitates
654 2135 766 2178 eorum
788 2112 855 2177 late
878 2110 1059 2196 grassandi.

58 2197 97 2260 ll.
114 2220 253 2284 namque
267 2205 305 2266 ut
319 2202 512 2268 documenta
526 2203 650 2287 liquida
662 2203 883 2286 prodiderunt,
896 2200 1057 2285 proximo-

56 2288 231 2354 rumfauoes
246 2291 373 2375 aperuit
386 2292 510 2376 primus
521 2293 666 2358 omnium
676 2290 917 2372 Constantinus,
932 2290 988 2353 sed
1002 2310 1058 2352 eos
1140 2333 1143 2338 ι

56 2377 193 2442 medullis
215 2381 457 2462 prouinciarum
480 2381 646 2466 sagiuauit
669 2379 889 2446 Constantius.
923 2379 973 2442 13.
997 2377 1058 2441 sub

30 2481 47 2518 a
58 2460 107 2528 hoo
121 2468 206 2532 enim
220 2470 369 2534 ordinum
384 2471 589 2555 singulorum
604 2475 750 2536 auctores
764 2469 894 2534 infinita
907 2467 1055 2551 cupidine

58 2552 231 2623 diutierum
254 2563 404 2625 arserunt
427 2560 496 2626 sine
519 2560 665 2626 iustitiae
679 2559 887 2625 distinctione
901 2557 954 2622 uel
967 2556 1061 2638 recti,

58 2641 129 2708 iuter
165 2647 347 2714 ordinarios
384 2649 506 2714 iudices
541 2649 678 2715 Rufinus
714 2649 839 2733 primus
875 2645 1057 2732 praefectus

58 2737 215 2822 praetorio,
239 2742 273 2802 et
295 2739 381 2803 inter
403 2739 565 2804 militares
580 2739 725 2823 equitum
738 2738 897 2823 magister
911 2735 1061 2835 Arbetio,

59 2826 309 2912 praepositusque
333 2828 474 2893 cubiculi
497 2877 628 2892 ........
652 2850 732 2892 anus
760 2831 926 2912 quaestor,
959 2828 991 2889 et
1023 2845 1059 2886 m

32 2927 48 2964 ²⁰
60 2911 125 2976 urbe
142 2913 258 2999 Anicii,
282 2917 338 3002 qui
361 2963 903 2985 ...............................
924 2934 1060 2978 auorum

59 3071 255 3088 ’ἣ-ῌ

115 3175 129 3221 3
174 3170 337 3240 rincipales:
369 3189 443 3241 quae
469 3171 571 3240 Haupt
596 3171 800 3241 principalesq;
871 3167 1060 3222 ‘luincamus

61 3248 135 3306 perun
153 3187 212 3306 ileo.
230 3244 266 3293 10
283 3240 339 3294 litt.
343 3243 405 3362 1356
422 3241 475 3296 litt.
489 3239 649 3318 A)]·lemne
678 3240 728 3294 lac.
746 3243 783 3318 12
800 3239 852 3294 litt.
872 3239 918 3306 (50
936 3237 989 3292 litt.
1006 3235 1058 3302 A)]

61 3303 108 3376 11}st
139 3308 277 3362 testatum
290 3308 341 3362 Va
381 3312 528 3364 uincamus
539 3308 666 3377 mterpre
698 3308 744 3361 tus
752 3323 814 3362 scae
825 3305 920 3362 lacG
956 3310 985 3357 11
995 3307 1060 3371 post

62 3369 112 3423 tuni
130 3391 160 3428 us
176 3376 297 3431 inscruit
314 3378 389 3431 esset
406 3377 441 3432 bo
458 3378 509 3432 lec.
526 3378 563 3430 20
581 3375 636 3432 litt.
658 3375 710 3430 VP
726 3377 788 3430 aiae
805 3375 856 3429 loc.
877 3373 903 3428 G
966 3377 997 3424 17
1016 3385 1057 3422 so·

62 3452 142 3494 mrum
158 3443 208 3513 tpa
225 3443 338 3498 sontino
360 3445 412 3498 VP
480 3443 643 3501 cambitio
664 3443 689 3498 G
758 3449 791 3497 29
815 3440 980 3518 cubiculus*
996 3437 1061 3516 laps

65 3505 114 3570 [loo.
129 3512 162 3564 23
178 3513 243 3582 lita]
263 3527 333 3566 anus
354 3513 407 3568 VP
424 3511 548 3569 cubiculi
575 3513 604 3566 et
621 3509 765 3565 Vrsieinus
791 3511 928 3577 equestris
953 3504 1060 3588 ordrnrs

63 3576 203 3638 praelectus
220 3581 274 3649 bpo
330 3589 363 3636 30
380 3581 521 3650 aniciique
541 3581 602 3650 [loe.
621 3583 656 3634 30
673 3579 737 3646 zac]
757 3593 856 3631 uorum
878 3576 929 3630 VP
947 3575 1061 3628 Anrtrus

65 3643 102 3706 qui
118 3653 143 3698 in
159 3648 270 3719 regiam
287 3649 338 3718 boa
