<?xml version="1.0" encoding="UTF-8"?>
<!DOCTYPE html PUBLIC "-//W3C//DTD XHTML 1.0 Transitional//EN"
    "http://www.w3.org/TR/xhtml1/DTD/xhtml1-transitional.dtd">
<html xmlns="http://www.w3.org/1999/xhtml" xml:lang="en" lang="en">
 <head>
  <title>
</title>
<meta http-equiv="Content-Type" content="text/html;charset=utf-8" />
  <meta name='ocr-system' content='tesseract 3.04.00' />
  <meta name='ocr-capabilities' content='ocr_page ocr_carea ocr_par ocr_line ocrx_word'/>
</head>
<body>
  <div class='ocr_page' id='page_1' title='image "ammianimarcelli01marcgoog_0094.png"; bbox 0 0 2430 3928; ppageno 0'>
   <div class='ocr_carea' id='block_1_1' title="bbox 367 179 1034 248">
    <p class='ocr_par' dir='ltr' id='par_1_1' title="bbox 367 179 1034 248">
     <span class='ocr_line' id='line_1_1' title="bbox 367 179 1034 248; baseline 0 -11"><span class='ocrx_word' id='word_1_1' title='bbox 367 179 623 237; x_wconf 82' lang='lat' dir='ltr'><strong>CONSTANTIVS</strong></span> <span class='ocrx_word' id='word_1_2' title='bbox 642 187 692 237; x_wconf 81' lang='lat'><strong>355</strong></span> <span class='ocrx_word' id='word_1_3' title='bbox 994 183 1034 248; x_wconf 79' lang='lat'><strong>61</strong></span> 
     </span>
    </p>
   </div>
   <div class='ocr_carea' id='block_1_2' title="bbox 0 325 1046 3180">
    <p class='ocr_par' dir='ltr' id='par_1_2' title="bbox 0 325 1046 3180">
     <span class='ocr_line' id='line_1_2' title="bbox 32 325 1037 409; baseline 0.003 -21"><span class='ocrx_word' id='word_1_4' title='bbox 32 325 147 389; x_wconf 86' lang='lat' dir='ltr'><strong>niciosa</strong></span> <span class='ocrx_word' id='word_1_5' title='bbox 168 325 323 391; x_wconf 90' lang='lat' dir='ltr'><strong>uitiorum</strong></span> <span class='ocrx_word' id='word_1_6' title='bbox 346 329 396 391; x_wconf 86' lang='lat' dir='ltr'><strong>est</strong></span> <span class='ocrx_word' id='word_1_7' title='bbox 419 326 527 391; x_wconf 85' lang='lat' dir='ltr'><strong>altrix.</strong></span> <span class='ocrx_word' id='word_1_8' title='bbox 551 349 589 392; x_wconf 89' lang='lat' dir='ltr'><strong>ea</strong></span> <span class='ocrx_word' id='word_1_9' title='bbox 612 326 740 389; x_wconf 90' lang='lat' dir='ltr'><strong>demum</strong></span> <span class='ocrx_word' id='word_1_10' title='bbox 755 325 842 390; x_wconf 90' lang='lat' dir='ltr'><strong>enim</strong></span> <span class='ocrx_word' id='word_1_11' title='bbox 856 325 926 390; x_wconf 92' lang='lat' dir='ltr'><strong>laus</strong></span> <span class='ocrx_word' id='word_1_12' title='bbox 942 329 1037 409; x_wconf 87' lang='lat' dir='ltr'><strong>grata</strong></span> 
     </span>
     <span class='ocr_line' id='line_1_3' title="bbox 34 415 1037 501; baseline 0.001 -24"><span class='ocrx_word' id='word_1_13' title='bbox 34 436 97 478; x_wconf 86' lang='lat' dir='ltr'><strong>esse</strong></span> <span class='ocrx_word' id='word_1_14' title='bbox 122 415 275 498; x_wconf 88' lang='lat' dir='ltr'><strong>potestati</strong></span> <span class='ocrx_word' id='word_1_15' title='bbox 306 415 402 480; x_wconf 89' lang='lat' dir='ltr'><strong>debet</strong></span> <span class='ocrx_word' id='word_1_16' title='bbox 430 415 589 501; x_wconf 76' lang='lat' dir='ltr'><strong>excelsae,</strong></span> <span class='ocrx_word' id='word_1_17' title='bbox 618 436 690 480; x_wconf 93' lang='lat' dir='ltr'><strong>cum</strong></span> <span class='ocrx_word' id='word_1_18' title='bbox 712 415 875 479; x_wconf 89' lang='lat' dir='ltr'><strong>interdum</strong></span> <span class='ocrx_word' id='word_1_19' title='bbox 900 417 932 478; x_wconf 90' lang='lat' dir='ltr'><strong>et</strong></span> <span class='ocrx_word' id='word_1_20' title='bbox 954 415 1037 478; x_wconf 90' lang='lat' dir='ltr'><strong>uitu-</strong></span> 
     </span>
     <span class='ocr_line' id='line_1_4' title="bbox 33 504 743 589; baseline 0 -22"><span class='ocrx_word' id='word_1_21' title='bbox 33 505 184 586; x_wconf 88' lang='lat' dir='ltr'><strong>perationi</strong></span> <span class='ocrx_word' id='word_1_22' title='bbox 207 526 297 570; x_wconf 88' lang='lat' dir='ltr'><strong>secus</strong></span> <span class='ocrx_word' id='word_1_23' title='bbox 321 508 489 589; x_wconf 87' lang='lat' dir='ltr'><strong>gestorum</strong></span> <span class='ocrx_word' id='word_1_24' title='bbox 510 508 623 589; x_wconf 86' lang='lat' dir='ltr'><strong>pateat</strong></span> <span class='ocrx_word' id='word_1_25' title='bbox 645 504 743 568; x_wconf 89' lang='lat' dir='ltr'><strong>loeus.</strong></span> 
     </span>
     <span class='ocr_line' id='line_1_5' title="bbox 114 593 1037 680; baseline -0.003 -21"><span class='ocrx_word' id='word_1_26' title='bbox 114 593 146 659; x_wconf 83' lang='grc'><strong>6.</strong></span> <span class='ocrx_word' id='word_1_27' title='bbox 163 594 190 657; x_wconf 94' lang='grc'><strong>1.</strong></span> <span class='ocrx_word' id='word_1_28' title='bbox 209 593 342 679; x_wconf 88' lang='lat' dir='ltr'><strong>Iamque</strong></span> <span class='ocrx_word' id='word_1_29' title='bbox 357 617 414 680; x_wconf 91' lang='lat' dir='ltr'><strong>per</strong></span> <span class='ocrx_word' id='word_1_30' title='bbox 428 595 636 660; x_wconf 74' lang='lat' dir='ltr'><strong>securitatem</strong></span> <span class='ocrx_word' id='word_1_31' title='bbox 650 593 854 678; x_wconf 74' lang='lat' dir='ltr'><strong>quaestiones</strong></span> <span class='ocrx_word' id='word_1_32' title='bbox 870 593 1037 676; x_wconf 89' lang='lat' dir='ltr'><strong>agitaban-</strong></span> 
     </span>
     <span class='ocr_line' id='line_1_6' title="bbox 11 681 1036 769; baseline -0.001 -23"><span class='ocrx_word' id='word_1_33' title='bbox 11 684 427 749; x_wconf 73' lang='grc'><strong>51111111011111111111111</strong></span> <span class='ocrx_word' id='word_1_34' title='bbox 443 683 628 769; x_wconf 80' lang='lat' dir='ltr'><strong>catenisque</strong></span> <span class='ocrx_word' id='word_1_35' title='bbox 642 682 751 767; x_wconf 86' lang='lat' dir='ltr'><strong>plures</strong></span> <span class='ocrx_word' id='word_1_36' title='bbox 766 685 803 748; x_wconf 92' lang='lat' dir='ltr'><strong>ut</strong></span> <span class='ocrx_word' id='word_1_37' title='bbox 815 681 906 748; x_wconf 84' lang='lat' dir='ltr'><strong>noxii</strong></span> <span class='ocrx_word' id='word_1_38' title='bbox 918 681 1036 766; x_wconf 86' lang='lat' dir='ltr'><strong>plecte·</strong></span> 
     </span>
     <span class='ocr_line' id='line_1_7' title="bbox 33 768 1037 857; baseline 0 -23"><span class='ocrx_word' id='word_1_39' title='bbox 33 773 149 838; x_wconf 88' lang='lat' dir='ltr'><strong>bantur.</strong></span> <span class='ocrx_word' id='word_1_40' title='bbox 183 773 363 857; x_wconf 67' lang='lat' dir='ltr'><strong>exsurgebat</strong></span> <span class='ocrx_word' id='word_1_41' title='bbox 384 772 470 837; x_wconf 90' lang='lat' dir='ltr'><strong>enim</strong></span> <span class='ocrx_word' id='word_1_42' title='bbox 494 773 649 838; x_wconf 86' lang='lat' dir='ltr'><strong>efferuens</strong></span> <span class='ocrx_word' id='word_1_43' title='bbox 672 771 801 836; x_wconf 88' lang='lat' dir='ltr'><strong>laetitia</strong></span> <span class='ocrx_word' id='word_1_44' title='bbox 822 768 951 854; x_wconf 87' lang='lat' dir='ltr'><strong>Paulus,</strong></span> <span class='ocrx_word' id='word_1_45' title='bbox 974 774 1037 835; x_wconf 89' lang='lat' dir='ltr'><strong>tar-</strong></span> 
     </span>
     <span class='ocr_line' id='line_1_8' title="bbox 34 860 1036 947; baseline -0.004 -21"><span class='ocrx_word' id='word_1_46' title='bbox 34 866 131 926; x_wconf 86' lang='lat' dir='ltr'><strong>tareus</strong></span> <span class='ocrx_word' id='word_1_47' title='bbox 154 862 211 926; x_wconf 91' lang='lat' dir='ltr'><strong>ille</strong></span> <span class='ocrx_word' id='word_1_48' title='bbox 234 861 373 947; x_wconf 86' lang='lat' dir='ltr'><strong>delator,</strong></span> <span class='ocrx_word' id='word_1_49' title='bbox 400 863 442 928; x_wconf 89' lang='lat' dir='ltr'><strong>ad</strong></span> <span class='ocrx_word' id='word_1_50' title='bbox 464 866 639 928; x_wconf 89' lang='lat' dir='ltr'><strong>uenenatas</strong></span> <span class='ocrx_word' id='word_1_51' title='bbox 668 865 754 926; x_wconf 87' lang='lat' dir='ltr'><strong>artes</strong></span> <span class='ocrx_word' id='word_1_52' title='bbox 784 883 858 926; x_wconf 76' lang='lat' dir='ltr'><strong>suas</strong></span> <span class='ocrx_word' id='word_1_53' title='bbox 886 860 1036 924; x_wconf 88' lang='lat' dir='ltr'><strong>licentius</strong></span> 
     </span>
     <span class='ocr_line' id='line_1_9' title="bbox 35 949 1036 1037; baseline -0.002 -24"><span class='ocrx_word' id='word_1_54' title='bbox 35 952 226 1035; x_wconf 81' lang='lat' dir='ltr'><strong>exercendas,</strong></span> <span class='ocrx_word' id='word_1_55' title='bbox 250 955 283 1016; x_wconf 92' lang='lat' dir='ltr'><strong>et</strong></span> <span class='ocrx_word' id='word_1_56' title='bbox 305 953 543 1037; x_wconf 85' lang='lat' dir='ltr'><strong>inquirentibus</strong></span> <span class='ocrx_word' id='word_1_57' title='bbox 562 952 597 1016; x_wconf 88' lang='lat' dir='ltr'><strong>in</strong></span> <span class='ocrx_word' id='word_1_58' title='bbox 610 951 779 1035; x_wconf 82' lang='lat' dir='ltr'><strong>negotium</strong></span> <span class='ocrx_word' id='word_1_59' title='bbox 793 949 1036 1014; x_wconf 84' lang='lat' dir='ltr'><strong>consistorianis</strong></span> 
     </span>
     <span class='ocr_line' id='line_1_10' title="bbox 36 1038 1037 1126; baseline 0 -24"><span class='ocrx_word' id='word_1_60' title='bbox 36 1043 121 1124; x_wconf 87' lang='lat' dir='ltr'><strong>atque</strong></span> <span class='ocrx_word' id='word_1_61' title='bbox 144 1041 355 1124; x_wconf 90' lang='lat' dir='ltr'><strong>militaribus,</strong></span> <span class='ocrx_word' id='word_1_62' title='bbox 378 1045 411 1106; x_wconf 90' lang='lat' dir='ltr'><strong>et</strong></span> <span class='ocrx_word' id='word_1_63' title='bbox 432 1044 641 1126; x_wconf 88' lang='lat' dir='ltr'><strong>praeceptum</strong></span> <span class='ocrx_word' id='word_1_64' title='bbox 665 1042 727 1123; x_wconf 91' lang='lat' dir='ltr'><strong>est,</strong></span> <span class='ocrx_word' id='word_1_65' title='bbox 750 1039 907 1104; x_wconf 90' lang='lat' dir='ltr'><strong>Proculus</strong></span> <span class='ocrx_word' id='word_1_66' title='bbox 931 1038 1037 1103; x_wconf 90' lang='lat' dir='ltr'><strong>admo-</strong></span> 
     </span>
     <span class='ocr_line' id='line_1_11' title="bbox 4 1127 1039 1214; baseline -0.002 -22"><span class='ocrx_word' id='word_1_67' title='bbox 4 1134 118 1194; x_wconf 78' lang='lat' dir='ltr'><strong>uuetur</strong></span> <span class='ocrx_word' id='word_1_68' title='bbox 150 1131 275 1214; x_wconf 90' lang='lat' dir='ltr'><strong>eculeo,</strong></span> <span class='ocrx_word' id='word_1_69' title='bbox 309 1130 434 1196; x_wconf 85' lang='lat' dir='ltr'><strong>Siluani</strong></span> <span class='ocrx_word' id='word_1_70' title='bbox 466 1131 675 1212; x_wconf 89' lang='lat' dir='ltr'><strong>domesticus,</strong></span> <span class='ocrx_word' id='word_1_71' title='bbox 707 1129 806 1193; x_wconf 90' lang='lat' dir='ltr'><strong>homo</strong></span> <span class='ocrx_word' id='word_1_72' title='bbox 839 1127 972 1212; x_wconf 89' lang='lat' dir='ltr'><strong>gracilis</strong></span> <span class='ocrx_word' id='word_1_73' title='bbox 1005 1131 1039 1190; x_wconf 91' lang='lat' dir='ltr'><strong>et</strong></span> 
     </span>
     <span class='ocr_line' id='line_1_12' title="bbox 35 1218 1037 1303; baseline -0.002 -22"><span class='ocrx_word' id='word_1_74' title='bbox 35 1220 203 1301; x_wconf 85' lang='lat' dir='ltr'><strong>morbosus,</strong></span> <span class='ocrx_word' id='word_1_75' title='bbox 225 1220 443 1285; x_wconf 89' lang='lat' dir='ltr'><strong>metuentibus</strong></span> <span class='ocrx_word' id='word_1_76' title='bbox 464 1219 596 1303; x_wconf 86' lang='lat' dir='ltr'><strong>cunctis,</strong></span> <span class='ocrx_word' id='word_1_77' title='bbox 618 1241 659 1283; x_wconf 91' lang='lat' dir='ltr'><strong>ne</strong></span> <span class='ocrx_word' id='word_1_78' title='bbox 682 1219 716 1282; x_wconf 94' lang='lat' dir='ltr'><strong>ui</strong></span> <span class='ocrx_word' id='word_1_79' title='bbox 738 1218 841 1282; x_wconf 90' lang='lat' dir='ltr'><strong>nimia</strong></span> <span class='ocrx_word' id='word_1_80' title='bbox 862 1220 1037 1282; x_wconf 90' lang='lat' dir='ltr'><strong>tormento-</strong></span> 
     </span>
     <span class='ocr_line' id='line_1_13' title="bbox 35 1306 1039 1394; baseline -0.003 -23"><span class='ocrx_word' id='word_1_81' title='bbox 35 1330 97 1372; x_wconf 88' lang='lat' dir='ltr'><strong>rum</strong></span> <span class='ocrx_word' id='word_1_82' title='bbox 129 1309 196 1373; x_wconf 89' lang='lat' dir='ltr'><strong>leui</strong></span> <span class='ocrx_word' id='word_1_83' title='bbox 231 1325 365 1394; x_wconf 86' lang='lat' dir='ltr'><strong>corpore</strong></span> <span class='ocrx_word' id='word_1_84' title='bbox 398 1309 538 1394; x_wconf 84' lang='lat' dir='ltr'><strong>fatigato</strong></span> <span class='ocrx_word' id='word_1_85' title='bbox 570 1330 643 1373; x_wconf 87' lang='lat' dir='ltr'><strong>reos</strong></span> <span class='ocrx_word' id='word_1_86' title='bbox 676 1307 834 1372; x_wconf 90' lang='lat' dir='ltr'><strong>atrocium</strong></span> <span class='ocrx_word' id='word_1_87' title='bbox 867 1306 1039 1370; x_wconf 91' lang='lat' dir='ltr'><strong>criminum</strong></span> 
     </span>
     <span class='ocr_line' id='line_1_14' title="bbox 34 1397 1039 1479; baseline -0.004 -18"><span class='ocrx_word' id='word_1_88' title='bbox 34 1397 204 1479; x_wconf 89' lang='lat' dir='ltr'><strong>promiscue</strong></span> <span class='ocrx_word' id='word_1_89' title='bbox 229 1398 324 1464; x_wconf 84' lang='lat' dir='ltr'><strong>citari</strong></span> <span class='ocrx_word' id='word_1_90' title='bbox 350 1398 472 1463; x_wconf 90' lang='lat' dir='ltr'><strong>faceret</strong></span> <span class='ocrx_word' id='word_1_91' title='bbox 494 1397 624 1462; x_wconf 88' lang='lat' dir='ltr'><strong>multos.</strong></span> <span class='ocrx_word' id='word_1_92' title='bbox 668 1418 783 1461; x_wconf 90' lang='lat' dir='ltr'><strong>uerum</strong></span> <span class='ocrx_word' id='word_1_93' title='bbox 805 1399 919 1461; x_wconf 90' lang='lat' dir='ltr'><strong>contra</strong></span> <span class='ocrx_word' id='word_1_94' title='bbox 942 1415 1039 1479; x_wconf 88' lang='lat' dir='ltr'><strong>quam</strong></span> 
     </span>
     <span class='ocr_line' id='line_1_15' title="bbox 34 1483 1039 1573; baseline -0.003 -25"><span class='ocrx_word' id='word_1_95' title='bbox 34 1490 188 1568; x_wconf 88' lang='lat' dir='ltr'><strong>speratum</strong></span> <span class='ocrx_word' id='word_1_96' title='bbox 198 1491 248 1552; x_wconf 91' lang='lat' dir='ltr'><strong>est</strong></span> <span class='ocrx_word' id='word_1_97' title='bbox 262 1488 408 1573; x_wconf 90' lang='lat' dir='ltr'><strong>contigit.</strong></span> <span class='ocrx_word' id='word_1_98' title='bbox 422 1488 453 1553; x_wconf 77' lang='lat'><strong>2.</strong></span> <span class='ocrx_word' id='word_1_99' title='bbox 463 1509 587 1552; x_wconf 94' lang='lat' dir='ltr'><strong>memor</strong></span> <span class='ocrx_word' id='word_1_100' title='bbox 601 1486 688 1551; x_wconf 88' lang='lat' dir='ltr'><strong>enim</strong></span> <span class='ocrx_word' id='word_1_101' title='bbox 702 1485 830 1570; x_wconf 91' lang='lat' dir='ltr'><strong>somnii,</strong></span> <span class='ocrx_word' id='word_1_102' title='bbox 844 1505 907 1570; x_wconf 93' lang='lat' dir='ltr'><strong>quo</strong></span> <span class='ocrx_word' id='word_1_103' title='bbox 917 1483 1039 1548; x_wconf 89' lang='lat' dir='ltr'><strong>uetitus</strong></span> 
     </span>
     <span class='ocr_line' id='line_1_16' title="bbox 4 1571 1040 1662; baseline -0.002 -25"><span class='ocrx_word' id='word_1_104' title='bbox 4 1581 96 1640; x_wconf 74' lang='lat' dir='ltr'><strong>uerat</strong></span> <span class='ocrx_word' id='word_1_105' title='bbox 122 1599 182 1660; x_wconf 90' lang='lat' dir='ltr'><strong>per</strong></span> <span class='ocrx_word' id='word_1_106' title='bbox 206 1577 360 1662; x_wconf 90' lang='lat' dir='ltr'><strong>quietem,</strong></span> <span class='ocrx_word' id='word_1_107' title='bbox 388 1580 425 1642; x_wconf 92' lang='lat' dir='ltr'><strong>ut</strong></span> <span class='ocrx_word' id='word_1_108' title='bbox 450 1577 519 1661; x_wconf 89' lang='lat' dir='ltr'><strong>ipse</strong></span> <span class='ocrx_word' id='word_1_109' title='bbox 542 1575 698 1659; x_wconf 87' lang='lat' dir='ltr'><strong>firmauit,</strong></span> <span class='ocrx_word' id='word_1_110' title='bbox 725 1575 856 1658; x_wconf 86' lang='lat' dir='ltr'><strong>pulsare</strong></span> <span class='ocrx_word' id='word_1_111' title='bbox 880 1571 1040 1657; x_wconf 89' lang='lat' dir='ltr'><strong>quendam</strong></span> 
     </span>
     <span class='ocr_line' id='line_1_17' title="bbox 33 1660 1040 1752; baseline -0.005 -23"><span class='ocrx_word' id='word_1_112' title='bbox 33 1665 196 1750; x_wconf 76' lang='lat' dir='ltr'><strong>umentem,</strong></span> <span class='ocrx_word' id='word_1_113' title='bbox 217 1687 319 1752; x_wconf 85' lang='lat' dir='ltr'><strong>usque</strong></span> <span class='ocrx_word' id='word_1_114' title='bbox 343 1667 383 1732; x_wconf 89' lang='lat' dir='ltr'><strong>ad</strong></span> <span class='ocrx_word' id='word_1_115' title='bbox 406 1665 545 1732; x_wconf 86' lang='lat' dir='ltr'><strong>confinia</strong></span> <span class='ocrx_word' id='word_1_116' title='bbox 567 1664 682 1730; x_wconf 89' lang='lat' dir='ltr'><strong>mortis</strong></span> <span class='ocrx_word' id='word_1_117' title='bbox 705 1667 840 1729; x_wconf 86' lang='lat' dir='ltr'><strong>uexatus</strong></span> <span class='ocrx_word' id='word_1_118' title='bbox 863 1683 923 1727; x_wconf 90' lang='lat' dir='ltr'><strong>nec</strong></span> <span class='ocrx_word' id='word_1_119' title='bbox 938 1660 1040 1726; x_wconf 89' lang='lat' dir='ltr'><strong>nomi-</strong></span> 
     </span>
     <span class='ocr_line' id='line_1_18' title="bbox 33 1747 1040 1840; baseline -0.005 -22"><span class='ocrx_word' id='word_1_120' title='bbox 33 1756 115 1818; x_wconf 88' lang='lat' dir='ltr'><strong>nauit</strong></span> <span class='ocrx_word' id='word_1_121' title='bbox 136 1777 198 1820; x_wconf 87' lang='lat' dir='ltr'><strong>nec</strong></span> <span class='ocrx_word' id='word_1_122' title='bbox 219 1755 364 1840; x_wconf 81' lang='lat' dir='ltr'><strong>prodidit</strong></span> <span class='ocrx_word' id='word_1_123' title='bbox 387 1756 528 1840; x_wconf 84' lang='lat' dir='ltr'><strong>aliquem</strong></span> <span class='ocrx_word' id='word_1_124' title='bbox 552 1755 608 1818; x_wconf 91' lang='lat' dir='ltr'><strong>sed</strong></span> <span class='ocrx_word' id='word_1_125' title='bbox 636 1752 807 1818; x_wconf 89' lang='lat' dir='ltr'><strong>adserebat</strong></span> <span class='ocrx_word' id='word_1_126' title='bbox 833 1752 956 1816; x_wconf 87' lang='lat' dir='ltr'><strong>factum</strong></span> <span class='ocrx_word' id='word_1_127' title='bbox 980 1747 1040 1815; x_wconf 83' lang='lat' dir='ltr'><strong>Sil·</strong></span> 
     </span>
     <span class='ocr_line' id='line_1_19' title="bbox 32 1841 1040 1930; baseline -0.004 -23"><span class='ocrx_word' id='word_1_128' title='bbox 32 1845 100 1908; x_wconf 89' lang='lat' dir='ltr'><strong>uani</strong></span> <span class='ocrx_word' id='word_1_129' title='bbox 123 1848 324 1930; x_wconf 84' lang='lat' dir='ltr'><strong>constanter,</strong></span> <span class='ocrx_word' id='word_1_130' title='bbox 352 1845 385 1910; x_wconf 92' lang='lat' dir='ltr'><strong>id</strong></span> <span class='ocrx_word' id='word_1_131' title='bbox 408 1867 483 1912; x_wconf 90' lang='lat' dir='ltr'><strong>eum</strong></span> <span class='ocrx_word' id='word_1_132' title='bbox 506 1845 666 1928; x_wconf 80' lang='lat' dir='ltr'><strong>cogitasse</strong></span> <span class='ocrx_word' id='word_1_133' title='bbox 691 1842 777 1928; x_wconf 91' lang='lat' dir='ltr'><strong>quod</strong></span> <span class='ocrx_word' id='word_1_134' title='bbox 803 1841 879 1906; x_wconf 91' lang='lat' dir='ltr'><strong>iniit</strong></span> <span class='ocrx_word' id='word_1_135' title='bbox 900 1861 968 1905; x_wconf 90' lang='lat' dir='ltr'><strong>non</strong></span> <span class='ocrx_word' id='word_1_136' title='bbox 990 1860 1040 1904; x_wconf 91' lang='lat' dir='ltr'><strong>cu·</strong></span> 
     </span>
     <span class='ocr_line' id='line_1_20' title="bbox 33 1927 1041 2017; baseline -0.003 -22"><span class='ocrx_word' id='word_1_137' title='bbox 33 1932 162 2014; x_wconf 85' lang='lat' dir='ltr'><strong>piditate</strong></span> <span class='ocrx_word' id='word_1_138' title='bbox 177 1933 235 1999; x_wconf 89' lang='lat' dir='ltr'><strong>sed</strong></span> <span class='ocrx_word' id='word_1_139' title='bbox 252 1934 445 2000; x_wconf 84' lang='lat' dir='ltr'><strong>necessitate</strong></span> <span class='ocrx_word' id='word_1_140' title='bbox 469 1933 668 2017; x_wconf 87' lang='lat' dir='ltr'><strong>conpulsum,</strong></span> <span class='ocrx_word' id='word_1_141' title='bbox 691 1933 883 2016; x_wconf 88' lang='lat' dir='ltr'><strong>argumento</strong></span> <span class='ocrx_word' id='word_1_142' title='bbox 899 1927 1041 1995; x_wconf 87' lang='lat' dir='ltr'><strong>euidenti</strong></span> 
     </span>
     <span class='ocr_line' id='line_1_21' title="bbox 4 2017 1042 2106; baseline -0.002 -22"><span class='ocrx_word' id='word_1_143' title='bbox 4 2042 11 2065; x_wconf 73' lang='lat'>2</span> <span class='ocrx_word' id='word_1_144' title='bbox 34 2021 262 2088; x_wconf 85' lang='lat' dir='ltr'><strong>demonstrans.</strong></span> <span class='ocrx_word' id='word_1_145' title='bbox 299 2024 329 2088; x_wconf 87' lang='grc'><strong>3.</strong></span> <span class='ocrx_word' id='word_1_146' title='bbox 352 2045 482 2089; x_wconf 87' lang='lat' dir='ltr'><strong>eausam</strong></span> <span class='ocrx_word' id='word_1_147' title='bbox 505 2023 592 2087; x_wconf 92' lang='lat' dir='ltr'><strong>enim</strong></span> <span class='ocrx_word' id='word_1_148' title='bbox 614 2021 819 2106; x_wconf 88' lang='lat' dir='ltr'><strong>probabilem</strong></span> <span class='ocrx_word' id='word_1_149' title='bbox 841 2018 984 2104; x_wconf 90' lang='lat' dir='ltr'><strong>ponebat</strong></span> <span class='ocrx_word' id='word_1_150' title='bbox 1007 2017 1042 2081; x_wconf 91' lang='lat' dir='ltr'><strong>in</strong></span> 
     </span>
     <span class='ocr_line' id='line_1_22' title="bbox 33 2107 1040 2195; baseline -0.004 -21"><span class='ocrx_word' id='word_1_151' title='bbox 33 2111 132 2176; x_wconf 91' lang='lat' dir='ltr'><strong>medio</strong></span> <span class='ocrx_word' id='word_1_152' title='bbox 155 2113 335 2178; x_wconf 90' lang='lat' dir='ltr'><strong>multorum</strong></span> <span class='ocrx_word' id='word_1_153' title='bbox 356 2112 552 2178; x_wconf 86' lang='lat' dir='ltr'><strong>testimoniis</strong></span> <span class='ocrx_word' id='word_1_154' title='bbox 576 2111 711 2194; x_wconf 89' lang='lat' dir='ltr'><strong>claram,</strong></span> <span class='ocrx_word' id='word_1_155' title='bbox 739 2110 825 2195; x_wconf 90' lang='lat' dir='ltr'><strong>quod</strong></span> <span class='ocrx_word' id='word_1_156' title='bbox 852 2108 903 2172; x_wconf 92' lang='lat' dir='ltr'><strong>die</strong></span> <span class='ocrx_word' id='word_1_157' title='bbox 927 2107 1040 2192; x_wconf 87' lang='lat' dir='ltr'><strong>quinto</strong></span> 
     </span>
     <span class='ocr_line' id='line_1_23' title="bbox 35 2195 1042 2286; baseline -0.005 -23"><span class='ocrx_word' id='word_1_158' title='bbox 35 2203 202 2286; x_wconf 88' lang='lat' dir='ltr'><strong>antequam</strong></span> <span class='ocrx_word' id='word_1_159' title='bbox 225 2201 345 2267; x_wconf 79' lang='lat' dir='ltr'><strong>infulae</strong></span> <span class='ocrx_word' id='word_1_160' title='bbox 370 2201 546 2286; x_wconf 88' lang='lat' dir='ltr'><strong>susciperet</strong></span> <span class='ocrx_word' id='word_1_161' title='bbox 568 2200 784 2284; x_wconf 87' lang='lat' dir='ltr'><strong>principatus,</strong></span> <span class='ocrx_word' id='word_1_162' title='bbox 808 2195 1042 2263; x_wconf 73' lang='grc'><strong>(1011111111-</strong></span> 
     </span>
     <span class='ocr_line' id='line_1_24' title="bbox 33 2283 1042 2370; baseline -0.006 -17"><span class='ocrx_word' id='word_1_163' title='bbox 33 2291 143 2370; x_wconf 89' lang='lat' dir='ltr'><strong>pendio</strong></span> <span class='ocrx_word' id='word_1_164' title='bbox 166 2291 308 2356; x_wconf 88' lang='lat' dir='ltr'><strong>militem</strong></span> <span class='ocrx_word' id='word_1_165' title='bbox 332 2288 503 2356; x_wconf 78' lang='lat' dir='ltr'><strong>Constanti</strong></span> <span class='ocrx_word' id='word_1_166' title='bbox 524 2290 655 2354; x_wconf 89' lang='lat' dir='ltr'><strong>nomine</strong></span> <span class='ocrx_word' id='word_1_167' title='bbox 679 2289 847 2353; x_wconf 88' lang='lat' dir='ltr'><strong>adlocutus</strong></span> <span class='ocrx_word' id='word_1_168' title='bbox 866 2289 925 2369; x_wconf 87' lang='lat' dir='ltr'><strong>est,</strong></span> <span class='ocrx_word' id='word_1_169' title='bbox 947 2283 1042 2348; x_wconf 87' lang='lat' dir='ltr'><strong>fortis</strong></span> 
     </span>
     <span class='ocr_line' id='line_1_25' title="bbox 33 2376 1042 2464; baseline -0.006 -24"><span class='ocrx_word' id='word_1_170' title='bbox 33 2383 112 2444; x_wconf 86' lang='lat' dir='ltr'><strong>esset</strong></span> <span class='ocrx_word' id='word_1_171' title='bbox 140 2384 174 2444; x_wconf 89' lang='lat' dir='ltr'><strong>et</strong></span> <span class='ocrx_word' id='word_1_172' title='bbox 204 2380 296 2445; x_wconf 87' lang='lat' dir='ltr'><strong>fidus.</strong></span> <span class='ocrx_word' id='word_1_173' title='bbox 341 2381 424 2445; x_wconf 89' lang='lat' dir='ltr'><strong>unde</strong></span> <span class='ocrx_word' id='word_1_174' title='bbox 448 2379 628 2464; x_wconf 85' lang='lat' dir='ltr'><strong>apparebat</strong></span> <span class='ocrx_word' id='word_1_175' title='bbox 654 2376 753 2462; x_wconf 87' lang='lat' dir='ltr'><strong>quod,</strong></span> <span class='ocrx_word' id='word_1_176' title='bbox 781 2377 810 2440; x_wconf 89' lang='lat' dir='ltr'><strong>si</strong></span> <span class='ocrx_word' id='word_1_177' title='bbox 837 2392 1042 2459; x_wconf 87' lang='lat' dir='ltr'><strong>praesumere</strong></span> 
     </span>
     <span class='ocr_line' id='line_1_26' title="bbox 0 2464 1042 2554; baseline -0.011 -18"><span class='ocrx_word' id='word_1_178' title='bbox 0 2466 177 2535; x_wconf 64' lang='lat' dir='ltr'><strong>“forbrnae</strong></span> <span class='ocrx_word' id='word_1_179' title='bbox 201 2491 377 2554; x_wconf 85' lang='lat' dir='ltr'><strong>supenons</strong></span> <span class='ocrx_word' id='word_1_180' title='bbox 400 2468 544 2553; x_wconf 82' lang='lat' dir='ltr'><strong>mergnia</strong></span> <span class='ocrx_word' id='word_1_181' title='bbox 565 2469 745 2550; x_wconf 87' lang='lat' dir='ltr'><strong>conaretur,</strong></span> <span class='ocrx_word' id='word_1_182' title='bbox 768 2464 839 2529; x_wconf 90' lang='lat' dir='ltr'><strong>auri</strong></span> <span class='ocrx_word' id='word_1_183' title='bbox 860 2467 930 2528; x_wconf 87' lang='lat' dir='ltr'><strong>tam</strong></span> <span class='ocrx_word' id='word_1_184' title='bbox 943 2481 1042 2546; x_wconf 85' lang='lat' dir='ltr'><strong>graue</strong></span> 
     </span>
     <span class='ocr_line' id='line_1_27' title="bbox 35 2554 1044 2642; baseline -0.004 -23"><span class='ocrx_word' id='word_1_185' title='bbox 35 2557 151 2636; x_wconf 86' lang='lat' dir='ltr'><strong>pondus</strong></span> <span class='ocrx_word' id='word_1_186' title='bbox 176 2559 354 2642; x_wconf 83' lang='lat' dir='ltr'><strong>largiretur</strong></span> <span class='ocrx_word' id='word_1_187' title='bbox 375 2562 412 2624; x_wconf 91' lang='lat' dir='ltr'><strong>ut</strong></span> <span class='ocrx_word' id='word_1_188' title='bbox 434 2579 536 2623; x_wconf 91' lang='lat' dir='ltr'><strong>suum.</strong></span> <span class='ocrx_word' id='word_1_189' title='bbox 559 2557 589 2621; x_wconf 91' lang='grc'><strong>4.</strong></span> <span class='ocrx_word' id='word_1_190' title='bbox 611 2555 794 2641; x_wconf 89' lang='lat' dir='ltr'><strong>posthunc</strong></span> <span class='ocrx_word' id='word_1_191' title='bbox 817 2554 1044 2618; x_wconf 86' lang='lat' dir='ltr'><strong>damnatorum</strong></span> 
     </span>
     <span class='ocr_line' id='line_1_28' title="bbox 34 2639 1044 2732; baseline -0.006 -23"><span class='ocrx_word' id='word_1_192' title='bbox 34 2651 114 2712; x_wconf 86' lang='lat' dir='ltr'><strong>sorte</strong></span> <span class='ocrx_word' id='word_1_193' title='bbox 142 2647 339 2713; x_wconf 90' lang='lat' dir='ltr'><strong>Poemenius</strong></span> <span class='ocrx_word' id='word_1_194' title='bbox 366 2650 478 2732; x_wconf 88' lang='lat' dir='ltr'><strong>raptus</strong></span> <span class='ocrx_word' id='word_1_195' title='bbox 511 2646 552 2710; x_wconf 91' lang='lat' dir='ltr'><strong>ad</strong></span> <span class='ocrx_word' id='word_1_196' title='bbox 583 2644 778 2729; x_wconf 88' lang='lat' dir='ltr'><strong>supplicium</strong></span> <span class='ocrx_word' id='word_1_197' title='bbox 809 2641 948 2725; x_wconf 89' lang='lat' dir='ltr'><strong>interiit,</strong></span> <span class='ocrx_word' id='word_1_198' title='bbox 980 2639 1044 2724; x_wconf 92' lang='lat' dir='ltr'><strong>qui,</strong></span> 
     </span>
     <span class='ocr_line' id='line_1_29' title="bbox 34 2727 1045 2822; baseline -0.009 -19"><span class='ocrx_word' id='word_1_199' title='bbox 34 2739 68 2796; x_wconf 82' lang='lat' dir='ltr'><strong>ut</strong></span> <span class='ocrx_word' id='word_1_200' title='bbox 96 2759 196 2822; x_wconf 85' lang='lat' dir='ltr'><strong>supra</strong></span> <span class='ocrx_word' id='word_1_201' title='bbox 223 2737 423 2820; x_wconf 88' lang='lat' dir='ltr'><strong>rettulimus,</strong></span> <span class='ocrx_word' id='word_1_202' title='bbox 436 2735 441 2740; x_wconf 79' lang='grc'><strong>’</strong></span> <span class='ocrx_word' id='word_1_203' title='bbox 455 2757 528 2800; x_wconf 88' lang='lat' dir='ltr'><strong>cum</strong></span> <span class='ocrx_word' id='word_1_204' title='bbox 555 2733 691 2799; x_wconf 79' lang='lat' dir='ltr'><strong>Treueri</strong></span> <span class='ocrx_word' id='word_1_205' title='bbox 719 2733 885 2798; x_wconf 87' lang='lat' dir='ltr'><strong>ciuitatem</strong></span> <span class='ocrx_word' id='word_1_206' title='bbox 913 2727 1045 2796; x_wconf 75' lang='lat' dir='ltr'><strong>Caesari</strong></span> 
     </span>
     <span class='ocr_line' id='line_1_30' title="bbox 34 2819 1044 2912; baseline -0.004 -26"><span class='ocrx_word' id='word_1_207' title='bbox 34 2823 223 2892; x_wconf 85' lang='lat' dir='ltr'><strong>clausissent</strong></span> <span class='ocrx_word' id='word_1_208' title='bbox 249 2827 420 2912; x_wconf 88' lang='lat' dir='ltr'><strong>Decentio,</strong></span> <span class='ocrx_word' id='word_1_209' title='bbox 448 2826 488 2890; x_wconf 88' lang='lat' dir='ltr'><strong>ad</strong></span> <span class='ocrx_word' id='word_1_210' title='bbox 511 2823 743 2890; x_wconf 86' lang='lat' dir='ltr'><strong>defendendam</strong></span> <span class='ocrx_word' id='word_1_211' title='bbox 769 2821 900 2906; x_wconf 90' lang='lat' dir='ltr'><strong>plebem</strong></span> <span class='ocrx_word' id='word_1_212' title='bbox 923 2819 1044 2884; x_wconf 85' lang='lat' dir='ltr'><strong>electus</strong></span> 
     </span>
     <span class='ocr_line' id='line_1_31' title="bbox 0 2905 1044 3000; baseline -0.011 -21"><span class='ocrx_word' id='word_1_213' title='bbox 0 2937 5 2950; x_wconf 54' lang='lat'><em>¹</em></span> <span class='ocrx_word' id='word_1_214' title='bbox 34 2918 86 2978; x_wconf 81' lang='lat' dir='ltr'><strong>est</strong></span> <span class='ocrx_word' id='word_1_215' title='bbox 130 2918 204 2981; x_wconf 88' lang='lat' dir='ltr'><strong>turn</strong></span> <span class='ocrx_word' id='word_1_216' title='bbox 227 2915 477 3000; x_wconf 84' lang='lat' dir='ltr'><strong>Asclepiodotus</strong></span> <span class='ocrx_word' id='word_1_217' title='bbox 506 2917 540 2980; x_wconf 88' lang='lat' dir='ltr'><strong>et</strong></span> <span class='ocrx_word' id='word_1_218' title='bbox 565 2913 664 2978; x_wconf 89' lang='lat' dir='ltr'><strong>Lutto</strong></span> <span class='ocrx_word' id='word_1_219' title='bbox 694 2914 726 2976; x_wconf 92' lang='lat' dir='ltr'><strong>et</strong></span> <span class='ocrx_word' id='word_1_220' title='bbox 747 2910 877 2976; x_wconf 91' lang='lat' dir='ltr'><strong>Maudio</strong></span> <span class='ocrx_word' id='word_1_221' title='bbox 902 2905 1044 2973; x_wconf 82' lang='lat' dir='ltr'><strong>Comites</strong></span> 
     </span>
     <span class='ocr_line' id='line_1_32' title="bbox 31 2997 1046 3092; baseline -0.009 -25"><span class='ocrx_word' id='word_1_222' title='bbox 31 3003 219 3090; x_wconf 87' lang='lat' dir='ltr'><strong>interempti</strong></span> <span class='ocrx_word' id='word_1_223' title='bbox 249 3008 325 3072; x_wconf 87' lang='lat' dir='ltr'><strong>sunt</strong></span> <span class='ocrx_word' id='word_1_224' title='bbox 351 3005 470 3090; x_wconf 91' lang='lat' dir='ltr'><strong>aliique</strong></span> <span class='ocrx_word' id='word_1_225' title='bbox 498 3003 622 3087; x_wconf 89' lang='lat' dir='ltr'><strong>plures,</strong></span> <span class='ocrx_word' id='word_1_226' title='bbox 653 3001 733 3092; x_wconf 75' lang='lat' dir='ltr'><strong>baec</strong></span> <span class='ocrx_word' id='word_1_227' title='bbox 760 3003 793 3064; x_wconf 88' lang='lat' dir='ltr'><strong>et</strong></span> <span class='ocrx_word' id='word_1_228' title='bbox 824 2997 946 3064; x_wconf 89' lang='lat' dir='ltr'><strong>similia</strong></span> <span class='ocrx_word' id='word_1_229' title='bbox 976 3015 1046 3078; x_wconf 88' lang='lat' dir='ltr'><strong>pcr-</strong></span> 
     </span>
     <span class='ocr_line' id='line_1_33' title="bbox 31 3092 748 3180; baseline 0 -26"><span class='ocrx_word' id='word_1_230' title='bbox 31 3092 121 3173; x_wconf 86' lang='lat' dir='ltr'><strong>plexe</strong></span> <span class='ocrx_word' id='word_1_231' title='bbox 145 3095 307 3180; x_wconf 87' lang='lat' dir='ltr'><strong>temporis</strong></span> <span class='ocrx_word' id='word_1_232' title='bbox 331 3093 550 3160; x_wconf 89' lang='lat' dir='ltr'><strong>obstinatione</strong></span> <span class='ocrx_word' id='word_1_233' title='bbox 574 3093 748 3156; x_wconf 88' lang='lat' dir='ltr'><strong>scrutante.</strong></span> 
     </span>
    </p>
   </div>
   <div class='ocr_carea' id='block_1_3' title="bbox 31 3364 1049 3703">
    <p class='ocr_par' dir='ltr' id='par_1_3' title="bbox 31 3364 1049 3703">
     <span class='ocr_line' id='line_1_34' title="bbox 95 3364 1048 3445; baseline -0.013 -17"><span class='ocrx_word' id='word_1_234' title='bbox 95 3382 218 3445; x_wconf 69' lang='lat' dir='ltr'><strong>spere</strong></span> <span class='ocrx_word' id='word_1_235' title='bbox 255 3376 305 3430; x_wconf 80' lang='lat' dir='ltr'><strong>&#39;si</strong></span> <span class='ocrx_word' id='word_1_236' title='bbox 321 3374 385 3444; x_wconf 87' lang='lat' dir='ltr'><strong>poet</strong></span> <span class='ocrx_word' id='word_1_237' title='bbox 402 3374 480 3430; x_wconf 78' lang='lat' dir='ltr'><strong>codd.</strong></span> <span class='ocrx_word' id='word_1_238' title='bbox 519 3371 766 3442; x_wconf 81' lang='lat' dir='ltr'><strong>5plureeom.Pb</strong></span> <span class='ocrx_word' id='word_1_239' title='bbox 809 3367 1008 3445; x_wconf 75' lang='lat' dir='ltr'><strong>plectebantqr</strong></span> <span class='ocrx_word' id='word_1_240' title='bbox 1021 3364 1048 3417; x_wconf 80' lang='lat' dir='ltr'><strong><em>G</em></strong></span> 
     </span>
     <span class='ocr_line' id='line_1_35' title="bbox 32 3433 1047 3512; baseline -0.008 -18"><span class='ocrx_word' id='word_1_241' title='bbox 32 3441 226 3506; x_wconf 86' lang='lat' dir='ltr'><strong>phetebantur</strong></span> <span class='ocrx_word' id='word_1_242' title='bbox 291 3441 463 3512; x_wconf 87' lang='lat' dir='ltr'><strong>petebantur</strong></span> <span class='ocrx_word' id='word_1_243' title='bbox 479 3441 535 3497; x_wconf 82' lang='grc' dir='ltr'><strong>ΑΡ</strong></span> <span class='ocrx_word' id='word_1_244' title='bbox 602 3438 809 3509; x_wconf 78' lang='lat' dir='ltr'><strong>⁸13promisce</strong></span> <span class='ocrx_word' id='word_1_245' title='bbox 831 3433 1047 3505; x_wconf 85' lang='lat' dir='ltr'><strong>VPperspreue</strong></span> 
     </span>
     <span class='ocr_line' id='line_1_36' title="bbox 31 3499 1049 3592; baseline -0.013 -28"><span class='ocrx_word' id='word_1_246' title='bbox 31 3510 81 3564; x_wconf 74' lang='lat' dir='ltr'><strong>sul</strong></span> <span class='ocrx_word' id='word_1_247' title='bbox 190 3513 246 3567; x_wconf 82' lang='lat'><strong>*15</strong></span> <span class='ocrx_word' id='word_1_248' title='bbox 263 3509 412 3592; x_wconf 83' lang='lat' dir='ltr'><strong>quondam¹</strong></span> <span class='ocrx_word' id='word_1_249' title='bbox 426 3509 495 3566; x_wconf 87' lang='lat' dir='ltr'><strong>VPb</strong></span> <span class='ocrx_word' id='word_1_250' title='bbox 511 3525 673 3579; x_wconf 86' lang='lat' dir='ltr'><strong>quenquam</strong></span> <span class='ocrx_word' id='word_1_251' title='bbox 692 3507 746 3561; x_wconf 72' lang='lat' dir='ltr'><strong>Ga</strong></span> <span class='ocrx_word' id='word_1_252' title='bbox 791 3506 845 3557; x_wconf 75' lang='lat'><strong>*22</strong></span> <span class='ocrx_word' id='word_1_253' title='bbox 863 3499 1049 3570; x_wconf 87' lang='lat' dir='ltr'><strong>susciperetet</strong></span> 
     </span>
     <span class='ocr_line' id='line_1_37' title="bbox 36 3527 1048 3703; baseline -0.016 -68"><span class='ocrx_word' id='word_1_254' title='bbox 36 3527 122 3699; x_wconf 44' lang='lat' dir='ltr'><strong>{gb}</strong></span> <span class='ocrx_word' id='word_1_255' title='bbox 136 3579 362 3703; x_wconf 61' lang='lat' dir='ltr'><strong>toatplppgrretur</strong></span> <span class='ocrx_word' id='word_1_256' title='bbox 376 3578 503 3634; x_wconf 74' lang='lat' dir='ltr'><strong>Valesius</strong></span> <span class='ocrx_word' id='word_1_257' title='bbox 514 3578 622 3648; x_wconf 83' lang='lat' dir='ltr'><strong>giretur</strong></span> <span class='ocrx_word' id='word_1_258' title='bbox 637 3575 689 3630; x_wconf 87' lang='lat' dir='ltr'><strong>VP</strong></span> <span class='ocrx_word' id='word_1_259' title='bbox 700 3574 829 3643; x_wconf 87' lang='lat' dir='ltr'><strong>repetere</strong></span> <span class='ocrx_word' id='word_1_260' title='bbox 842 3571 893 3640; x_wconf 76' lang='grc'><strong>191</strong></span> <span class='ocrx_word' id='word_1_261' title='bbox 932 3573 965 3623; x_wconf 89' lang='grc'><strong>30</strong></span> <span class='ocrx_word' id='word_1_262' title='bbox 973 3566 1048 3620; x_wconf 88' lang='lat' dir='ltr'><strong>lutto</strong></span> 
     </span>
    </p>

    <p class='ocr_par' dir='ltr' id='par_1_4' title="bbox 116 3665 136 3700">
     <span class='ocr_line' id='line_1_38' title="bbox 116 3665 136 3700; baseline 0 0"><span class='ocrx_word' id='word_1_263' title='bbox 116 3665 136 3700; x_wconf 86' lang='lat' dir='ltr'><strong>u</strong></span> 
     </span>
    </p>
   </div>
   <div class='ocr_carea' id='block_1_4' title="bbox 0 0 1222 3928">
    <p class='ocr_par' dir='ltr' id='par_1_5' title="bbox 0 0 1222 3928">
     <span class='ocr_line' id='line_1_39' title="bbox 0 0 1222 3928; baseline 0 0"><span class='ocrx_word' id='word_1_264' title='bbox 0 0 1222 3928; x_wconf 95' lang='lat' dir='ltr'><strong> </strong></span> 
     </span>
    </p>
   </div>
  </div>
 </body>
</html>
