2430 3928
261 173 514 230 consularius
533 173 581 228 ΕΤ
599 171 776 230 rualenus
795 181 846 230 357
985 177 1051 242 105

61 341 107 384 sua
121 318 236 384 firmius
257 320 363 404 pedes,
386 319 475 386 front
460 324 528 386 tem
542 321 716 386 artissimis
731 343 903 387 conserens
916 323 1050 408 parmis,

60 407 246 492 erigebantur
271 409 372 474 crassi
399 410 544 494 pulueris
571 411 674 476 nubes
698 411 846 496 uariique
873 410 963 476 fuere
986 411 1049 476 dis·

61 519 152 563 cursus
172 519 253 562 nuno
268 499 504 565 resistentibus
526 521 612 565 nunc
635 499 825 566 cedentibus
850 500 987 582 nostris,
1015 505 1050 566 et

59 586 150 652 obnixi
174 587 308 672 genibus
331 588 463 672 quidam
481 589 624 658 ,barbari
649 589 736 675 perit
737 589 843 654 issimi
868 589 973 655 bellat
958 593 1048 656 tores

39 675 167 740 ⁵hostem
186 677 368 761 propellere
390 678 600 763 laborabant,
628 679 683 746 sed
707 679 924 745 destinatione
945 679 1050 744 nimia

58 764 185 830 dexterae
213 765 353 832 dexteris
377 767 596 834 miscebantur
624 768 778 834 etumbo
806 768 959 834 trudebat
981 791 1049 834 um-

57 854 154 919 bonem
175 855 362 941 caelumque
377 857 595 923 exultantium
609 858 734 924 eadent
709 862 855 943 trumque
872 858 1050 924 resonabat

57 944 208 1010 auooibus
231 946 370 1030 magnis,
392 951 426 1012 et
448 969 521 1012 cum
545 969 644 1013 cornu
667 947 836 1012 sinistrum
855 946 913 1012 ιιι
888 950 954 1012 trus
978 966 1051 1031 gra-

58 1033 128 1098 diens
157 1036 345 1119 urgentium
375 1039 427 1101 tot
459 1036 592 1122 agmina
619 1035 855 1102 Germanorum
882 1035 917 1100 ui
946 1035 1050 1100 nimia

31 1122 222 1209 upepulisset,
245 1124 405 1210 iretque
394 1148 430 1190 ιιι
451 1126 612 1192 barbaros
630 1126 782 1211 fremens,
805 1126 930 1211 equites
943 1125 1051 1190 nostri

57 1233 136 1277 cornu
161 1218 310 1280 tenentes
338 1214 501 1300 dextrum,
527 1220 658 1300 praeter
682 1237 773 1300 spem
799 1214 963 1281 incondite
986 1214 1048 1278 dis-

56 1306 212 1388 cesserunt,
239 1303 379 1388 dumque
407 1305 506 1389 primi
532 1304 730 1390 fugientium
756 1308 938 1388 postremos
962 1303 1051 1387 inpe-

55 1389 141 1474 diunt,
175 1393 301 1476 granno
333 1393 500 1478 legionum
531 1393 672 1480 protecti
707 1393 850 1458 fixerunt
884 1393 1050 1476 integrato

54 1481 157 1560 proelio
171 1481 319 1566 gradum.
343 1483 394 1548 38.
417 1483 479 1548 hoc
501 1488 610 1550 autern
633 1483 749 1552 exinde
772 1482 941 1566 acciderat,
965 1480 1050 1565 quod

26 1567 273 1636 samartinum
287 1573 472 1638 restituitur
496 1573 604 1658 series,
618 1571 821 1657 cataphracti
839 1572 964 1656 equites
978 1570 1051 1634 uiso

53 1663 159 1724 rectore
181 1682 242 1726 suo
265 1661 384 1726 leuiter
406 1662 577 1728 urdnerato
601 1666 634 1727 et
657 1665 807 1727 consorte
830 1660 970 1746 quodam
992 1680 1052 1744 per

54 1748 192 1814 seminem
225 1751 302 1835 equi
338 1751 479 1816 labentis
511 1752 653 1836 pondere
691 1771 857 1816 armorum
894 1769 1050 1833 oppresso

53 1836 240 1924 dilapsique
264 1841 399 1925 quisque
422 1844 552 1924 poterat
564 1839 754 1925 peditesque
769 1838 920 1906 calcando
935 1841 1052 1903 cuneta

54 1926 231 2012 turbassent,
253 1929 289 1992 ni
312 1928 449 1994 conferti
470 1929 523 1994 illi
545 1930 672 2014 sibique
694 1929 840 1995 uicissim
862 1927 967 1992 innixi
990 1929 1053 1992 ste-

26 2015 152 2082 utissent
178 2017 375 2088 immobiles.
419 2019 522 2102 igitur
549 2040 622 2084 oum
654 2019 779 2102 equites
805 2017 891 2082 nihil
921 2019 1052 2100 praeter

54 2102 132 2188 togae
141 2106 448 2190 circumspectantes
461 2107 625 2192 praesidia
633 2107 771 2173 uidisset
784 2106 913 2191 longius
924 2103 1055 2189 Caesar,

54 2195 161 2261 concito
185 2217 271 2280 equo
296 2218 352 2272 eos
379 2196 472 2262 uelut
493 2197 687 2300 repagulum
714 2195 874 2280 quoddam
896 2193 1052 2260 cohibuit.

54 2281 93 2347 3.9
106 2305 164 2367 quo
179 2285 296 2370 agnito
313 2307 373 2368 per
385 2307 583 2370 purpureum
598 2285 727 2370 signum
741 2284 899 2368 draconis,
923 2282 1053 2348 summi·

52 2375 103 2436 ιιιι
64 2371 236 2439 ahastae
260 2375 423 2460 longioris
444 2377 593 2459 aptatum
615 2375 707 2440 uelut
720 2374 897 2439 senectutis
915 2371 1054 2456 penden-

26 2459 86 2523 ²tis
111 2465 257 2547 exuuias,
290 2464 384 2530 stetit
411 2463 507 2529 unius
534 2468 661 2529 turmae
688 2463 839 2528 tribunus
867 2465 900 2525 et
926 2460 1053 2544 pallore

54 2550 217 2638 timoreque
249 2553 418 2637 perculsus
447 2553 488 2618 ad
520 2552 622 2618 aciem
651 2551 879 2636 integrandam
906 2549 1055 2615 recurrit.

54 2638 94 2703 40.
105 2641 226 2726 utque
215 2663 253 2706 m
266 2643 363 2707 rebus
377 2645 466 2706 amat
488 2642 561 2707 fieri
584 2641 701 2726 dubiis,
724 2641 856 2706 eosdem
878 2639 1016 2704 lenius
1007 2661 1055 2703 rn-

54 2747 170 2812 orepans
194 2727 347 2796 (ιιιιιιι
353 2732 428 2816 quo'
452 2731 560 2816 inquit
582 2691 748 2814 oedinius,
770 2729 835 2795 uiri
857 2729 925 2794 fort
926 2728 1055 2794 issimi?

54 2837 87 2880 ιιι
104 2819 264 2903 ignoratis
287 2821 410 2906 fugam,
433 2843 515 2905 qnae
539 2821 679 2885 salutem
700 2841 878 2904 numquam
901 2816 1056 2903 repperit,

26 2904 131 2972 31ιιιιιιιι
147 2912 285 2976 conatus
300 2909 420 2975 stultit
395 2914 476 2975 tram
490 2909 656 2975 indicare?
678 2909 846 2973 redeamus
861 2907 902 2972 ad
914 2908 1056 2988 nostros,

53 2995 150 3062 saltim
171 2998 298 3083 gloriae
320 2999 423 3064 futuri
444 2998 630 3083 participes,
654 2997 683 3062 si
706 3019 761 3062 eos
783 3017 843 3081 pro
866 2993 1058 3080 republica

55 3082 230 3154 dimicantes
252 3088 444 3173 reliquimus
467 3087 673 3154 inconsulte’.
692 3087 748 3150 41.
765 3085 847 3150 haec
868 3087 1057 3152 reuerenter

54 3171 172 3240 dicendo
204 3177 334 3242 reduxit
366 3199 477 3242 omnes
507 3177 547 3242 ad
578 3175 690 3241 munia
717 3173 884 3240 subeunda
910 3172 1058 3240 bellandi

54 3339 251 3356 Ἢ

114 3445 145 3493 14
161 3442 288 3496 accidere
306 3444 337 3496 at
358 3439 410 3494 VP
445 3446 512 3494 170
488 3439 669 3578 Vppressod
686 3455 723 3508 op
744 3438 813 3493 ressi
834 3436 922 3492 VPta
955 3441 989 3488 23
1005 3449 1059 3510 per

55 3510 260 3626 ppxpurcnmfl
291 3525 467 3644 effultum
528 3523 704 3631 pprpprep'm
748 3507 784 3627 tp
812 3511 893 3628 mag!
906 3500 1057 3624 pappenpisp

58 3575 459 3700 ddiialliihtmrao'iionll
470 3591 654 3714 pddliqdihids
665 3591 766 3712 aedidit
776 3589 969 3710 lblmqmmm
978 3584 1048 3694 cido
