2430 3928
140 175 184 240 90
506 172 572 228 XVI
590 178 614 240 9,
634 181 699 227 1-
719 179 758 240 10,
778 177 793 227 7

140 317 391 382 aemulationem
413 317 589 401 posteritas
613 316 749 381 tendens
774 314 889 379 satiari
911 334 1083 396 numquam
1097 333 1141 394 po·
1201 355 1202 379 2

94 407 97 410 ’
138 407 205 471 tuit
229 429 302 472 oum
325 407 529 490 possessione
552 407 656 471 multo
681 405 812 470 maiore.

230 497 265 562 9.
278 498 306 560 1.
316 496 363 561 At
373 495 493 560 Persae
507 496 542 560 in
557 497 684 570 oriente
695 517 753 579 per
767 495 903 558 furta-et
917 491 1085 557 latrocinia
1097 512 1141 573 po-

139 586 205 650 tius
221 608 327 670 quam,
349 590 387 650 ut
402 586 552 651 solebant
567 589 671 670 antea,
687 607 744 668 per
759 582 1018 648 concursatorias
1031 600 1142 664 pugnas
1201 613 1202 650 ς

137 675 309 740 hominum
323 676 458 758 praedas
474 675 647 760 agitabant
661 679 694 738 et
717 695 878 757 paeonum,
902 671 1055 756 quianon
1065 687 1159 733 num-i

139 786 252 851 quam·
269 765 480 829 lucrabantur
507 769 544 830 ut
575 763 751 848 repentini,
785 762 981 846 aliquotiens
1015 758 1143 842 superati

139 853 349 919 multitudine
376 854 520 919 militum
548 854 757 937 amittebant,
786 849 949 916 interdum
977 849 1061 914 nihil
1085 869 1144 931 pro·
1201 884 1202 920 3

141 945 265 1027 spicere
302 965 434 1027 prorsus
472 945 557 1028 quod
593 947 724 1027 poterat
759 941 832 1025 rapi
875 939 1143 1024 permittebantur.

140 1033 171 1096 2.
181 1031 393 1098 Musonianus
403 1037 514 1098 tamen
523 1033 706 1117 praefectus
720 1031 884 1115 praetorio
894 1029 1019 1113 multis,
1033 1031 1069 1093 ut
1082 1030 1143 1091 ante

139 1121 294 1206 diximus,
322 1122 417 1186 bonis
441 1123 567 1188 artibus
592 1122 749 1205 eruditus,
778 1120 835 1185 sed
861 1119 987 1184 uenalis
1012 1122 1045 1182 et
1071 1115 1170 1180 flecto

139 1233 160 1273 a
183 1211 322 1276 ueritate
345 1212 482 1295 pecunia
504 1211 613 1276 facilis
636 1234 695 1295 per
718 1210 905 1275 emissarios
924 1208 1081 1292 quosdam
1096 1205 1144 1270 fal-

139 1299 227 1364 lendi
250 1301 554 1385 perstringendique
569 1321 689 1385 gnaros
703 1299 877 1365 Persarum
892 1299 1072 1363 scitabatur
1085 1316 1143 1359 con·
1201 1349 1202 1354 ,

139 1389 216 1454 silia
238 1391 409 1475 adsumpto
433 1391 469 1455 in
491 1390 741 1456 deliberationes
769 1389 865 1454 huius
888 1387 977 1452 modi
1002 1385 1143 1452 Cassiano
1201 1457 1202 1462 η

139 1477 395 1563 Mesopotamiae
423 1481 515 1564 duce,
544 1480 714 1563 stipendiis
744 1483 776 1544 et
799 1478 1043 1563 discriminibus
1069 1474 1145 1539 indu·
1201 1547 1202 1551 ,

138 1573 211 1633 rato
236 1570 382 1634 diuersis.
415 1571 445 1634 3.
469 1571 525 1654 qui
548 1593 620 1634 cum
634 1569 697 1632 fide
712 1569 900 1634 concinente
915 1567 1144 1650 speculatorum
1155 1579 1171 1618 15
1201 1607 1202 1643 3

138 1661 250 1740 aperte
274 1662 469 1742 cognossent
484 1657 639 1742 Saporem
661 1660 696 1723 in
710 1658 864 1723 extremis
878 1657 972 1741 regni
995 1653 1144 1719 limitibus
1201 1696 1202 1732 3

139 1768 271 1810 suorum
308 1748 466 1832 sanguine
502 1749 576 1813 fuso
613 1748 790 1831 multiplici
827 1767 923 1831 aegre
965 1745 1145 1829 propulsare

139 1839 252 1918 gentes
276 1837 421 1920 infestas,
444 1836 678 1920 Tamsaporem
701 1838 814 1902 ducem
837 1835 926 1920 parti
938 1837 1071 1900 nostrae
1085 1854 1146 1897 con·
1201 1876 1202 1883 κ

137 1924 267 2008 tignum
295 1927 430 1990 occultis
457 1949 516 2010 per
543 1927 675 2010 ignotos
703 1927 825 1990 milites
853 1928 1058 2009 temptauere
1085 1943 1147 1986 oon·

138 2014 272 2098 loquiis,
294 2019 332 2079 ut
355 2016 383 2080 si
406 2017 534 2099 copiam
556 2017 624 2080 fors
648 2016 803 2099 dedisset,
832 2015 982 2080 suaderet
1003 2013 1077 2099 regi
1097 2026 1172 2095 pera
1201 2089 1202 2094 3

136 2104 265 2169 litteras
287 2126 401 2188 pacem
414 2106 546 2170 tandem
560 2105 733 2190 aliquando
748 2127 821 2170 cum
843 2103 990 2188 principe
1003 2102 1144 2168 Romano

136 2195 276 2277 firmare,
299 2198 336 2259 ut
358 2194 420 2259 hoc
442 2194 530 2260 facto
550 2196 652 2260 latere
667 2196 706 2260 ab
723 2195 812 2259 omni
827 2216 957 2259 securus
971 2191 1145 2276 perduelles
1201 2218 1202 2223 ¹

138 2283 308 2349 aduolaret
331 2284 490 2350 adsiduos.
522 2286 553 2348 4.
576 2285 685 2368 paruit
708 2283 888 2367 Tamsapor
911 2282 1029 2366 hisque
1053 2282 1146 2345 fretus
1201 2359 1202 2362 ,

138 2369 238 2438 refert
253 2373 294 2438 ad
316 2394 435 2458 regem,
460 2374 545 2458 quod
568 2374 665 2438 bellis
689 2373 855 2438 acerrimis
874 2369 1085 2437 Constantius
1107 2369 1147 2432 in·
1201 2427 1202 2453 3

137 2463 278 2546 plicatus
301 2485 414 2544 pacem
437 2464 584 2547 postulat
606 2463 814 2547 precatiuam.
842 2461 982 2546 dumque
1005 2461 1049 2524 ad
1063 2457 1176 2525 Chio-u
1201 2506 1202 2540 3

137 2551 226 2614 nitas
255 2554 287 2614 et
308 2551 455 2616 Eusenos
482 2552 562 2616 haec
591 2553 712 2636 scripta
739 2552 927 2635 mittuntur,
955 2551 991 2614 in
1018 2571 1148 2634 quorum
1201 2595 1202 2630 3

139 2639 286 2704 confiniis
328 2640 448 2722 agebat
484 2639 624 2706 hiemem
658 2641 774 2726 Sapor,
815 2645 943 2725 tempus
980 2637 1148 2704 interstitit
1201 2685 1202 2722 ,

137 2728 282 2812 longum.
792 2773 794 2780 .

230 2815 288 2884 10.
301 2818 329 2882 1.
339 2817 429 2883 Haec
438 2819 515 2884 dum
523 2841 581 2903 per
591 2819 678 2885 ans
688 2823 798 2903 partes
809 2824 842 2885 et
852 2820 977 2885 Gallias
987 2841 1048 2902 pro
1060 2821 1148 2902 captu
1201 2773 1202 2814 l

136 2910 321 2991 temporum
345 2907 567 2992 disponuntur,
591 2907 800 2974 Constantius
825 2909 919 2994 quasi
941 2905 1177 2974 reclusorum

137 2997 261 3079 templo
286 2997 462 3082 stratisque
485 2998 634 3064 hostibus
659 3000 781 3064 cunctis
805 2997 945 3063 Romam
973 2998 1080 3063 uisere
1102 3017 1149 3080 ge-

139 3085 260 3149 stiebat
281 3089 357 3168 post
370 3085 541 3170 Magnenti
563 3088 698 3153 exitium
722 3089 843 3174 absque
865 3088 998 3160 nomine
1022 3110 1062 3152 ex
1086 3109 1149 3152 san-

138 3174 236 3257 guine
249 3172 397 3238 Romano
412 3177 681 3260 triumphaturus.
696 3179 725 3241 2.
739 3199 799 3242 nec
809 3177 895 3242 enim
910 3181 1043 3262 gentem
1052 3176 1149 3242 ullam

200 3365 477 3444 §permittebantur
496 3368 814 3449 &percumittebantur
835 3370 886 3424 VP
926 3375 958 3424 13
977 3369 1108 3426 Cassiano
1127 3367 1149 3421 G

136 3450 294 3488 cassronum
315 3433 368 3488 VP
420 3441 451 3488 17
469 3451 582 3490 suorum
599 3467 633 3477 -
652 3444 684 3492 19
701 3437 806 3491 mrlrtes
823 3439 891 3494 add.
912 3437 959 3491 V¹¹¹
1021 3445 1054 3492 22
1074 3435 1149 3492 abG

137 3503 175 3556 ad
196 3501 311 3624 VPbaA
350 3507 383 3557 23
406 3503 614 3626 adibeHeJdbG
665 3511 715 3629 ‘adss
737 3519 862 3629 eusenols'
876 3505 961 3630 {⁷qu
981 3501 1150 3628 Halanosti

136 3576 169 3691 di
185 3585 421 3709 sibdiatisqddsl'
437 3587 596 3708 sterilisqui
608 3642 637 3695 P
724 3589 806 3643 quam
859 3589 962 3630 mus
987 3591 1074 3644 quam
