2530 3922
327 178 570 238 PERDITORVM
587 179 778 234 LIBRORVM
795 175 994 244 RELIQVIAE

396 385 540 464 'Sacrae
562 393 646 483 (nelle
667 397 736 461 Ael.
758 395 886 483 Haila).

513 540 562 604 M.
586 539 776 605 Gordianus.

136 665 195 730 VI.
218 666 271 749 23,
294 664 328 748 5,
354 665 371 729 7
397 665 486 730 cuius
510 661 556 750 (h.
580 687 606 728 c.
629 661 831 752 Gordiani)
854 667 945 729 actus
970 686 990 728 a
1011 663 1158 746 pueritia

224 754 331 837 prima
354 755 615 839 exercituumque
642 753 849 818 felicissimos
873 753 987 835 ductus
1017 756 1049 816 et
1076 753 1157 817 insi-

225 843 352 907 diosum
376 843 545 907 interitum
568 843 765 927 digessimus
788 846 935 926 tempore
957 842 1156 925 conpetenti.

526 983 564 1049 P.
588 983 761 1050 Gallienus.

135 1109 210 1174 VII.
234 1110 291 1193 21,
317 1111 370 1195 16,
396 1110 445 1174 10.
482 1101 884 1196 Ille(l1.e.Gallienus)
907 1109 993 1174 enim
1006 1109 1155 1193 perduel-

225 1199 350 1263 lionum
364 1199 486 1264 crebris
511 1199 660 1282 aerisque
675 1199 838 1282 adpetitus
861 1198 998 1282 insidiis,
1016 1197 1154 1263 Aureoli

226 1293 258 1352 et
283 1288 432 1353 Postumi
464 1291 497 1352 et
527 1287 667 1372 Ingenui
696 1293 729 1352 et
755 1287 906 1360 Valentis
935 1292 1154 1372 cognomento

226 1376 452 1442 Thessalonici
475 1377 677 1462 aliorumque
699 1378 842 1461 plurium
862 1380 1002 1442 mortem
1025 1377 1158 1442 factura

226 1467 363 1532 crimina
386 1465 582 1550 aliquotiens
606 1466 711 1531 lenius
735 1467 931 1532 uindicabat.
956 1465 999 1547 [l]

491 1607 545 1674 Fl.
567 1605 798 1674 Censwntc'aau

136 1731 227 1797 VIII.
253 1733 303 1815 14,
329 1733 379 1816 11,
403 1733 446 1797 20
469 1769 512 1778 -
535 1732 662 1816 Polam,
684 1733 741 1797 ubi
764 1733 927 1817 quondam
949 1737 1158 1818 peremptum

226 1819 480 1886 Constantini
503 1820 607 1888 filium
631 1823 813 1906 accepimus
837 1821 996 1906 Crispum.

135 1944 245 2011 VIIII.
269 1947 321 2029 25,
344 1947 375 2030 4,
398 1946 441 2011 23
465 1946 571 2010 sciant
588 1947 723 2012 docente
746 1947 885 2012 ueritate
907 1948 1075 2032 perspicue
1088 1969 1166 2032 non,

225 2035 389 2100 Iulianum
412 2035 468 2100 sed
492 2032 793 2101 Constantinum
821 2037 952 2101 ardores
979 2036 1157 2101 Parthicos
1253 2041 1254 2044 ’

226 2125 428 2189 succendisse
447 2145 520 2188 cum
543 2125 722 2189 Metrodori
744 2125 921 2190 mendaciis
945 2125 1072 2190 auidius
1101 2125 1159 2190 ad·
1252 2111 1253 2146 ¹

169 2313 171 2316 Α
226 2214 376 2298 quiescit,
405 2217 443 2278 ut
465 2213 584 2278 dudum
606 2214 792 2279 rettulimus
815 2215 919 2298 plene.

526 2356 581 2425 Fl.
604 2355 764 2422 Constans.

135 2481 175 2546 X.
189 2482 241 2564 27,
257 2483 286 2566 8,
300 2483 322 2546 4
335 2482 380 2545 Et
390 2481 553 2565 quoniam,
568 2503 640 2546 cum
651 2479 878 2547 Constantis
887 2481 1044 2566 principis
1062 2484 1158 2545 actus

225 2592 455 2653 conponerem,
491 2574 599 2634 motus
637 2570 853 2635 adulescentis
886 2575 919 2635 et
955 2570 1157 2634 senescentis

226 2659 339 2723 oceani
363 2659 524 2742 situmque
538 2657 744 2723 Brittanniae
767 2681 826 2743 pro
849 2664 947 2744 captu
968 2659 1088 2724 uirium
1103 2681 1158 2722 ex-

224 2747 371 2831 planaui,
395 2747 436 2812 ad
459 2769 511 2830 ea,
534 2769 616 2830 quae
639 2747 768 2832 digesta
791 2753 867 2813 sunt
890 2749 1004 2832 semel,
1027 2747 1158 2812 reuolui

225 2835 422 2920 superflumn
445 2836 530 2900 duxi.

137 2959 195 3024 XI.
217 2960 275 3043 20,
301 2961 317 3024 1
324 3011 333 3044 ,
358 2961 376 3024 1
404 2960 579 3025 uerebatur
605 2957 780 3048 (Iulianus)
807 2962 854 3025 ire
883 2961 1027 3027 subsidio
1050 2964 1161 3026 trans·

225 3049 360 3113 marinis
375 3043 431 3135 (sc.
446 3049 653 3138 Brittannis),
675 3054 712 3115 ut
734 3051 920 3116 rettulimus
940 3055 1016 3116 ante
1039 3050 1159 3116 fecisse

227 3136 491 3204 Constantem.

133 3261 211 3329 XII.
238 3261 295 3348 28,
318 3264 352 3348 3,
381 3265 400 3328 8
428 3262 576 3329 Arcanos
608 3284 710 3348 genus
742 3263 910 3329 hominum
940 3289 960 3329 a
987 3265 1158 3330 ueteribus

226 3352 426 3438 institutum,
457 3377 553 3438 super
576 3354 691 3438 quibus
716 3353 826 3437 aliqua
848 3353 883 3417 in
906 3355 1034 3419 actibus
1058 3351 1159 3418 Corr-

226 3443 372 3509 stantis
395 3443 590 3526 rettulimus,
612 3442 774 3527 paulatim
795 3441 968 3526 prolapsos
989 3443 1023 3507 in
1036 3443 1123 3508 uitia
1138 3467 1159 3508 a

227 3533 423 3598 stationibus
449 3533 515 3596 suis
538 3533 687 3596 remouit.
701 3569 744 3578 -
759 3568 801 3578 -
820 3530 858 3595 Id
881 3532 968 3596 enim
990 3533 1059 3596 illis
1084 3537 1158 3596 erat

228 3621 380 3704 officium,
403 3625 439 3684 ut
462 3619 548 3684 ultro
564 3621 708 3704 citroque
734 3621 928 3705 [perlonga
952 3621 1073 3705 spatia]
1091 3621 1157 3686 dis*
