<?xml version="1.0" encoding="UTF-8"?>
<!DOCTYPE html PUBLIC "-//W3C//DTD XHTML 1.0 Transitional//EN"
    "http://www.w3.org/TR/xhtml1/DTD/xhtml1-transitional.dtd">
<html xmlns="http://www.w3.org/1999/xhtml" xml:lang="en" lang="en">
 <head>
  <title>
</title>
<meta http-equiv="Content-Type" content="text/html;charset=utf-8" />
  <meta name='ocr-system' content='tesseract 3.04.00' />
  <meta name='ocr-capabilities' content='ocr_page ocr_carea ocr_par ocr_line ocrx_word'/>
</head>
<body>
  <div class='ocr_page' id='page_1' title='image "ammianimarcelli01marcgoog_0059.png"; bbox 0 0 2530 3922; ppageno 0'>
   <div class='ocr_carea' id='block_1_1' title="bbox 150 131 809 206">
    <p class='ocr_par' dir='ltr' id='par_1_1' title="bbox 150 131 809 206">
     <span class='ocr_line' id='line_1_1' title="bbox 150 131 809 206; baseline -0.006 -10"><span class='ocrx_word' id='word_1_1' title='bbox 150 137 198 203; x_wconf 76' lang='lat'>526</span> <span class='ocrx_word' id='word_1_2' title='bbox 509 138 588 194; x_wconf 82' lang='lat' dir='ltr'>xssss</span> <span class='ocrx_word' id='word_1_3' title='bbox 606 145 631 206; x_wconf 74' lang='lat' dir='ltr'>a,</span> <span class='ocrx_word' id='word_1_4' title='bbox 647 131 681 193; x_wconf 84' lang='lat'>&#39;15</span> <span class='ocrx_word' id='word_1_5' title='bbox 699 171 732 178; x_wconf 94' lang='lat'><em>-</em></span> <span class='ocrx_word' id='word_1_6' title='bbox 750 145 775 206; x_wconf 88' lang='lat' dir='ltr'>s,</span> <span class='ocrx_word' id='word_1_7' title='bbox 794 144 809 192; x_wconf 83' lang='lat' dir='ltr'>a</span> 
     </span>
    </p>
   </div>
   <div class='ocr_carea' id='block_1_2' title="bbox 145 280 1259 3043">
    <p class='ocr_par' dir='ltr' id='par_1_2' title="bbox 145 280 1259 3043">
     <span class='ocr_line' id='line_1_2' title="bbox 145 280 1259 366; baseline 0.004 -26"><span class='ocrx_word' id='word_1_8' title='bbox 145 285 223 346; x_wconf 87' lang='lat' dir='ltr'>stae</span> <span class='ocrx_word' id='word_1_9' title='bbox 237 302 295 366; x_wconf 91' lang='lat' dir='ltr'>per</span> <span class='ocrx_word' id='word_1_10' title='bbox 309 280 390 346; x_wconf 87' lang='lat' dir='ltr'>haee</span> <span class='ocrx_word' id='word_1_11' title='bbox 405 303 487 366; x_wconf 89' lang='lat' dir='ltr'>quae</span> <span class='ocrx_word' id='word_1_12' title='bbox 512 282 630 366; x_wconf 89' lang='lat' dir='ltr'>strepit</span> <span class='ocrx_word' id='word_1_13' title='bbox 643 282 771 346; x_wconf 89' lang='lat' dir='ltr'>incusat</span> <span class='ocrx_word' id='word_1_14' title='bbox 794 281 897 346; x_wconf 88' lang='lat' dir='ltr'>iratus</span> <span class='ocrx_word' id='word_1_15' title='bbox 912 281 1067 346; x_wconf 87' lang='lat' dir='ltr'>nimirum</span> <span class='ocrx_word' id='word_1_16' title='bbox 1086 281 1175 366; x_wconf 90' lang='lat' dir='ltr'>quod</span> <span class='ocrx_word' id='word_1_17' title='bbox 1258 319 1259 358; x_wconf 54' lang='lat'><em>3</em></span> 
     </span>
     <span class='ocr_line' id='line_1_3' title="bbox 148 369 1259 456; baseline -0.002 -20"><span class='ocrx_word' id='word_1_18' title='bbox 148 373 377 436; x_wconf 87' lang='lat' dir='ltr'>contumacem</span> <span class='ocrx_word' id='word_1_19' title='bbox 412 371 628 456; x_wconf 88' lang='lat' dir='ltr'>praefectum,</span> <span class='ocrx_word' id='word_1_20' title='bbox 666 369 744 456; x_wconf 93' lang='lat' dir='ltr'>quid</span> <span class='ocrx_word' id='word_1_21' title='bbox 775 392 883 434; x_wconf 89' lang='lat' dir='ltr'>rerum</span> <span class='ocrx_word' id='word_1_22' title='bbox 915 371 993 435; x_wconf 90' lang='lat' dir='ltr'>ordo</span> <span class='ocrx_word' id='word_1_23' title='bbox 1025 371 1175 454; x_wconf 89' lang='lat' dir='ltr'>postulat</span> <span class='ocrx_word' id='word_1_24' title='bbox 1258 410 1259 448; x_wconf 37' lang='lat' dir='ltr'><strong><em>g</em></strong></span> 
     </span>
     <span class='ocr_line' id='line_1_4' title="bbox 154 459 1259 544; baseline 0 -20"><span class='ocrx_word' id='word_1_25' title='bbox 154 461 305 544; x_wconf 81' lang='lat' dir='ltr'>ignorare</span> <span class='ocrx_word' id='word_1_26' title='bbox 319 459 578 526; x_wconf 79' lang='lat' dir='ltr'><strong>dissimulantem</strong></span> <span class='ocrx_word' id='word_1_27' title='bbox 594 459 768 526; x_wconf 90' lang='lat' dir='ltr'>formidine</span> <span class='ocrx_word' id='word_1_28' title='bbox 782 463 877 524; x_wconf 90' lang='lat' dir='ltr'>tenus</span> <span class='ocrx_word' id='word_1_29' title='bbox 900 459 1053 526; x_wconf 88' lang='lat' dir='ltr'>iusserim</span> <span class='ocrx_word' id='word_1_30' title='bbox 1068 463 1175 524; x_wconf 88' lang='lat' dir='ltr'>custo·</span> <span class='ocrx_word' id='word_1_31' title='bbox 1258 499 1259 537; x_wconf 70' lang='lat'>3</span> 
     </span>
     <span class='ocr_line' id='line_1_5' title="bbox 147 548 1259 635; baseline -0.001 -22"><span class='ocrx_word' id='word_1_32' title='bbox 147 548 215 614; x_wconf 90' lang='lat' dir='ltr'>diri</span> <span class='ocrx_word' id='word_1_33' title='bbox 223 549 239 613; x_wconf 88' lang='lat'>².</span> <span class='ocrx_word' id='word_1_34' title='bbox 270 548 319 614; x_wconf 87' lang='lat'>15.</span> <span class='ocrx_word' id='word_1_35' title='bbox 342 549 426 614; x_wconf 86' lang='lat' dir='ltr'>nihil</span> <span class='ocrx_word' id='word_1_36' title='bbox 450 551 569 616; x_wconf 87' lang='lat' dir='ltr'>morati</span> <span class='ocrx_word' id='word_1_37' title='bbox 592 549 771 635; x_wconf 89' lang='lat' dir='ltr'>posthaec</span> <span class='ocrx_word' id='word_1_38' title='bbox 794 549 954 622; x_wconf 88' lang='lat' dir='ltr'>militares</span> <span class='ocrx_word' id='word_1_39' title='bbox 974 548 1062 614; x_wconf 88' lang='lat' dir='ltr'>auidi</span> <span class='ocrx_word' id='word_1_40' title='bbox 1076 571 1174 632; x_wconf 88' lang='lat' dir='ltr'>saepe</span> <span class='ocrx_word' id='word_1_41' title='bbox 1258 590 1259 627; x_wconf 24' lang='grc' dir='ltr'><strong>ᾗ</strong></span> 
     </span>
     <span class='ocr_line' id='line_1_6' title="bbox 152 637 1259 723; baseline -0.001 -21"><span class='ocrx_word' id='word_1_42' title='bbox 152 638 323 703; x_wconf 89' lang='lat' dir='ltr'>turbarum</span> <span class='ocrx_word' id='word_1_43' title='bbox 338 637 445 704; x_wconf 90' lang='lat' dir='ltr'>adorti</span> <span class='ocrx_word' id='word_1_44' title='bbox 464 644 539 704; x_wconf 92' lang='lat' dir='ltr'>sunt</span> <span class='ocrx_word' id='word_1_45' title='bbox 553 639 715 704; x_wconf 88' lang='lat' dir='ltr'>Montium</span> <span class='ocrx_word' id='word_1_46' title='bbox 737 638 887 723; x_wconf 88' lang='lat' dir='ltr'>primum,</span> <span class='ocrx_word' id='word_1_47' title='bbox 911 639 967 723; x_wconf 92' lang='lat' dir='ltr'>qui</span> <span class='ocrx_word' id='word_1_48' title='bbox 988 637 1202 703; x_wconf 83' lang='lat' dir='ltr'>diuertebata</span> <span class='ocrx_word' id='word_1_49' title='bbox 1258 679 1259 716; x_wconf 74' lang='lat'>3</span> 
     </span>
     <span class='ocr_line' id='line_1_7' title="bbox 153 727 1253 814; baseline 0 -22"><span class='ocrx_word' id='word_1_50' title='bbox 153 729 188 792; x_wconf 91' lang='lat' dir='ltr'>in</span> <span class='ocrx_word' id='word_1_51' title='bbox 210 727 368 812; x_wconf 86' lang='lat' dir='ltr'>proximo,</span> <span class='ocrx_word' id='word_1_52' title='bbox 396 728 463 793; x_wconf 90' lang='lat' dir='ltr'>leui</span> <span class='ocrx_word' id='word_1_53' title='bbox 491 751 626 814; x_wconf 91' lang='lat' dir='ltr'>corpore</span> <span class='ocrx_word' id='word_1_54' title='bbox 655 750 765 794; x_wconf 89' lang='lat' dir='ltr'>senem</span> <span class='ocrx_word' id='word_1_55' title='bbox 793 731 891 812; x_wconf 87' lang='lat' dir='ltr'>atque</span> <span class='ocrx_word' id='word_1_56' title='bbox 915 727 1112 811; x_wconf 88' lang='lat' dir='ltr'>morbosum,</span> <span class='ocrx_word' id='word_1_57' title='bbox 1141 731 1175 792; x_wconf 89' lang='lat' dir='ltr'>et</span> <span class='ocrx_word' id='word_1_58' title='bbox 1248 774 1253 809; x_wconf 79' lang='grc'>,</span> 
     </span>
     <span class='ocr_line' id='line_1_8' title="bbox 151 815 1259 921; baseline 0.001 -41"><span class='ocrx_word' id='word_1_59' title='bbox 151 816 289 880; x_wconf 90' lang='lat' dir='ltr'>hirsutis</span> <span class='ocrx_word' id='word_1_60' title='bbox 321 817 486 882; x_wconf 86' lang='lat' dir='ltr'>resticulis</span> <span class='ocrx_word' id='word_1_61' title='bbox 520 819 668 884; x_wconf 91' lang='lat' dir='ltr'>cruribus</span> <span class='ocrx_word' id='word_1_62' title='bbox 701 817 769 884; x_wconf 90' lang='lat' dir='ltr'>eius</span> <span class='ocrx_word' id='word_1_63' title='bbox 796 817 924 882; x_wconf 82' lang='lat' dir='ltr'>innexis</span> <span class='ocrx_word' id='word_1_64' title='bbox 957 815 1174 882; x_wconf 89' lang='lat' dir='ltr'>diuaricatum</span> <span class='ocrx_word' id='word_1_65' title='bbox 1250 858 1259 921; x_wconf 52' lang='lat' dir='ltr'>p</span> 
     </span>
     <span class='ocr_line' id='line_1_9' title="bbox 154 905 1259 992; baseline 0.001 -23"><span class='ocrx_word' id='word_1_66' title='bbox 154 906 223 970; x_wconf 90' lang='lat' dir='ltr'>sine</span> <span class='ocrx_word' id='word_1_67' title='bbox 247 905 445 988; x_wconf 87' lang='lat' dir='ltr'>spiramento</span> <span class='ocrx_word' id='word_1_68' title='bbox 460 907 528 972; x_wconf 93' lang='lat' dir='ltr'>ullo</span> <span class='ocrx_word' id='word_1_69' title='bbox 544 907 585 973; x_wconf 84' lang='lat' dir='ltr'>ad</span> <span class='ocrx_word' id='word_1_70' title='bbox 598 930 700 992; x_wconf 91' lang='lat' dir='ltr'>usque</span> <span class='ocrx_word' id='word_1_71' title='bbox 713 905 916 991; x_wconf 90' lang='lat' dir='ltr'>praetorium</span> <span class='ocrx_word' id='word_1_72' title='bbox 938 910 1067 972; x_wconf 84' lang='lat' dir='ltr'>traxere</span> <span class='ocrx_word' id='word_1_73' title='bbox 1081 929 1175 990; x_wconf 90' lang='lat' dir='ltr'>prae·</span> <span class='ocrx_word' id='word_1_74' title='bbox 1251 926 1259 988; x_wconf 68' lang='lat' dir='ltr'>q</span> 
     </span>
     <span class='ocr_line' id='line_1_10' title="bbox 152 988 1259 1082; baseline 0.001 -24"><span class='ocrx_word' id='word_1_75' title='bbox 152 995 239 1059; x_wconf 90' lang='lat' dir='ltr'>fecti.</span> <span class='ocrx_word' id='word_1_76' title='bbox 266 995 314 1059; x_wconf 81' lang='lat'>16.</span> <span class='ocrx_word' id='word_1_77' title='bbox 332 998 365 1059; x_wconf 85' lang='lat' dir='ltr'>et</span> <span class='ocrx_word' id='word_1_78' title='bbox 380 996 493 1061; x_wconf 87' lang='lat' dir='ltr'>eodem</span> <span class='ocrx_word' id='word_1_79' title='bbox 507 997 631 1082; x_wconf 86' lang='lat' dir='ltr'>impetu</span> <span class='ocrx_word' id='word_1_80' title='bbox 645 995 872 1062; x_wconf 86' lang='lat' dir='ltr'>Domitianum</span> <span class='ocrx_word' id='word_1_81' title='bbox 886 995 1100 1080; x_wconf 88' lang='lat' dir='ltr'>praecipitem</span> <span class='ocrx_word' id='word_1_82' title='bbox 1113 1018 1174 1080; x_wconf 90' lang='lat' dir='ltr'>per</span> <span class='ocrx_word' id='word_1_83' title='bbox 1251 988 1259 1080; x_wconf 44' lang='grc' dir='ltr'>ᾗ</span> 
     </span>
     <span class='ocr_line' id='line_1_11' title="bbox 154 1083 1215 1169; baseline 0.002 -22"><span class='ocrx_word' id='word_1_84' title='bbox 154 1084 260 1148; x_wconf 89' lang='lat' dir='ltr'>scalas</span> <span class='ocrx_word' id='word_1_85' title='bbox 283 1083 396 1148; x_wconf 89' lang='lat' dir='ltr'>itidem</span> <span class='ocrx_word' id='word_1_86' title='bbox 410 1085 540 1150; x_wconf 90' lang='lat' dir='ltr'>funibus</span> <span class='ocrx_word' id='word_1_87' title='bbox 556 1085 826 1168; x_wconf 86' lang='lat' dir='ltr'>constrinxerunt,</span> <span class='ocrx_word' id='word_1_88' title='bbox 850 1106 968 1169; x_wconf 90' lang='lat' dir='ltr'>eosque</span> <span class='ocrx_word' id='word_1_89' title='bbox 983 1085 1173 1150; x_wconf 90' lang='lat' dir='ltr'>coniunctos</span> <span class='ocrx_word' id='word_1_90' title='bbox 1191 1111 1215 1149; x_wconf 81' lang='lat' dir='ltr'>ro</span> 
     </span>
     <span class='ocr_line' id='line_1_12' title="bbox 152 1172 1174 1258; baseline 0.002 -22"><span class='ocrx_word' id='word_1_91' title='bbox 152 1193 211 1256; x_wconf 90' lang='lat' dir='ltr'>per</span> <span class='ocrx_word' id='word_1_92' title='bbox 243 1172 354 1257; x_wconf 91' lang='lat' dir='ltr'>ampla</span> <span class='ocrx_word' id='word_1_93' title='bbox 386 1175 494 1258; x_wconf 89' lang='lat' dir='ltr'>spatia</span> <span class='ocrx_word' id='word_1_94' title='bbox 526 1175 671 1240; x_wconf 86' lang='lat' dir='ltr'>ciuitatis</span> <span class='ocrx_word' id='word_1_95' title='bbox 709 1175 776 1242; x_wconf 85' lang='lat' dir='ltr'>aori</span> <span class='ocrx_word' id='word_1_96' title='bbox 807 1177 980 1258; x_wconf 90' lang='lat' dir='ltr'>raptauere</span> <span class='ocrx_word' id='word_1_97' title='bbox 1017 1173 1174 1239; x_wconf 79' lang='lat' dir='ltr'>discursu.</span> 
     </span>
     <span class='ocr_line' id='line_1_13' title="bbox 152 1262 1175 1348; baseline 0.002 -23"><span class='ocrx_word' id='word_1_98' title='bbox 152 1263 282 1346; x_wconf 90' lang='lat' dir='ltr'>iamque</span> <span class='ocrx_word' id='word_1_99' title='bbox 306 1266 436 1328; x_wconf 88' lang='lat' dir='ltr'>artuum</span> <span class='ocrx_word' id='word_1_100' title='bbox 459 1268 493 1329; x_wconf 86' lang='lat' dir='ltr'>et</span> <span class='ocrx_word' id='word_1_101' title='bbox 515 1266 734 1330; x_wconf 89' lang='lat' dir='ltr'>membrorum</span> <span class='ocrx_word' id='word_1_102' title='bbox 748 1262 877 1328; x_wconf 89' lang='lat' dir='ltr'>diuulsa</span> <span class='ocrx_word' id='word_1_103' title='bbox 896 1283 1042 1348; x_wconf 77' lang='lat' dir='ltr'>conpage</span> <span class='ocrx_word' id='word_1_104' title='bbox 1065 1285 1175 1348; x_wconf 90' lang='lat' dir='ltr'>super-</span> 
     </span>
     <span class='ocr_line' id='line_1_14' title="bbox 153 1351 1176 1438; baseline 0.003 -24"><span class='ocrx_word' id='word_1_105' title='bbox 153 1351 344 1416; x_wconf 74' lang='lat' dir='ltr'><strong>scandentes</strong></span> <span class='ocrx_word' id='word_1_106' title='bbox 373 1374 510 1438; x_wconf 83' lang='lat' dir='ltr'>oorpora</span> <span class='ocrx_word' id='word_1_107' title='bbox 537 1357 741 1420; x_wconf 85' lang='lat' dir='ltr'>mortuorum</span> <span class='ocrx_word' id='word_1_108' title='bbox 769 1353 810 1418; x_wconf 91' lang='lat' dir='ltr'>ad</span> <span class='ocrx_word' id='word_1_109' title='bbox 837 1352 989 1418; x_wconf 80' lang='lat' dir='ltr'>ultimam</span> <span class='ocrx_word' id='word_1_110' title='bbox 1021 1355 1176 1418; x_wconf 86' lang='lat' dir='ltr'>truncata</span> 
     </span>
     <span class='ocr_line' id='line_1_15' title="bbox 151 1439 1254 1528; baseline 0.001 -24"><span class='ocrx_word' id='word_1_111' title='bbox 151 1439 393 1507; x_wconf 69' lang='lat' dir='ltr'>deformitatem</span> <span class='ocrx_word' id='word_1_112' title='bbox 407 1443 499 1508; x_wconf 91' lang='lat' dir='ltr'>uelut</span> <span class='ocrx_word' id='word_1_113' title='bbox 513 1443 692 1510; x_wconf 87' lang='lat' dir='ltr'>exsaturati</span> <span class='ocrx_word' id='word_1_114' title='bbox 706 1465 781 1508; x_wconf 85' lang='lat' dir='ltr'>mox</span> <span class='ocrx_word' id='word_1_115' title='bbox 796 1442 982 1508; x_wconf 88' lang='lat' dir='ltr'>abiecerunt</span> <span class='ocrx_word' id='word_1_116' title='bbox 996 1442 1030 1506; x_wconf 92' lang='lat' dir='ltr'>in</span> <span class='ocrx_word' id='word_1_117' title='bbox 1044 1442 1174 1506; x_wconf 90' lang='lat' dir='ltr'>flumen.</span> <span class='ocrx_word' id='word_1_118' title='bbox 1253 1477 1254 1528; x_wconf 74' lang='lat'><em>3</em></span> 
     </span>
     <span class='ocr_line' id='line_1_16' title="bbox 157 1529 1217 1618; baseline 0.009 -26"><span class='ocrx_word' id='word_1_119' title='bbox 157 1529 207 1593; x_wconf 82' lang='lat'>17.</span> <span class='ocrx_word' id='word_1_120' title='bbox 216 1529 403 1596; x_wconf 86' lang='lat' dir='ltr'>incenderat</span> <span class='ocrx_word' id='word_1_121' title='bbox 418 1535 527 1598; x_wconf 88' lang='lat' dir='ltr'>autem</span> <span class='ocrx_word' id='word_1_122' title='bbox 537 1533 674 1599; x_wconf 80' lang='lat' dir='ltr'>audaces</span> <span class='ocrx_word' id='word_1_123' title='bbox 684 1555 786 1618; x_wconf 90' lang='lat' dir='ltr'>usque</span> <span class='ocrx_word' id='word_1_124' title='bbox 797 1531 838 1598; x_wconf 89' lang='lat' dir='ltr'>ad</span> <span class='ocrx_word' id='word_1_125' title='bbox 852 1531 1015 1596; x_wconf 87' lang='lat' dir='ltr'>insaniam</span> <span class='ocrx_word' id='word_1_126' title='bbox 1024 1531 1174 1596; x_wconf 89' lang='lat' dir='ltr'>homines</span> <span class='ocrx_word' id='word_1_127' title='bbox 1192 1563 1217 1601; x_wconf 69' lang='grc' dir='ltr'>ις,</span> 
     </span>
     <span class='ocr_line' id='line_1_17' title="bbox 151 1617 1259 1708; baseline 0.004 -27"><span class='ocrx_word' id='word_1_128' title='bbox 151 1617 195 1681; x_wconf 86' lang='lat' dir='ltr'>ad</span> <span class='ocrx_word' id='word_1_129' title='bbox 218 1617 307 1703; x_wconf 86' lang='lat' dir='ltr'>haec,</span> <span class='ocrx_word' id='word_1_130' title='bbox 331 1641 413 1704; x_wconf 90' lang='lat' dir='ltr'>quae</span> <span class='ocrx_word' id='word_1_131' title='bbox 431 1621 566 1686; x_wconf 90' lang='lat' dir='ltr'>nefariis</span> <span class='ocrx_word' id='word_1_132' title='bbox 590 1643 686 1708; x_wconf 86' lang='lat' dir='ltr'>egere</span> <span class='ocrx_word' id='word_1_133' title='bbox 701 1621 881 1704; x_wconf 89' lang='lat' dir='ltr'>conatibus,</span> <span class='ocrx_word' id='word_1_134' title='bbox 903 1620 1026 1686; x_wconf 89' lang='lat' dir='ltr'>Luscus</span> <span class='ocrx_word' id='word_1_135' title='bbox 1042 1621 1175 1705; x_wconf 89' lang='lat' dir='ltr'>quidam</span> <span class='ocrx_word' id='word_1_136' title='bbox 1258 1693 1259 1700; x_wconf 8' lang='grc' dir='ltr'>ἵ</span> 
     </span>
     <span class='ocr_line' id='line_1_18' title="bbox 152 1709 1259 1796; baseline 0.005 -27"><span class='ocrx_word' id='word_1_137' title='bbox 152 1710 283 1771; x_wconf 86' lang='lat' dir='ltr'>curator</span> <span class='ocrx_word' id='word_1_138' title='bbox 306 1709 395 1773; x_wconf 91' lang='lat' dir='ltr'>urbis</span> <span class='ocrx_word' id='word_1_139' title='bbox 420 1710 529 1775; x_wconf 85' lang='lat' dir='ltr'>subito</span> <span class='ocrx_word' id='word_1_140' title='bbox 544 1711 649 1776; x_wconf 92' lang='lat' dir='ltr'>uisus:</span> <span class='ocrx_word' id='word_1_141' title='bbox 673 1733 792 1796; x_wconf 89' lang='lat' dir='ltr'>eosque</span> <span class='ocrx_word' id='word_1_142' title='bbox 816 1714 853 1774; x_wconf 90' lang='lat' dir='ltr'>ut</span> <span class='ocrx_word' id='word_1_143' title='bbox 875 1710 1025 1776; x_wconf 87' lang='lat' dir='ltr'>heiulans</span> <span class='ocrx_word' id='word_1_144' title='bbox 1048 1709 1175 1774; x_wconf 91' lang='lat' dir='ltr'>baiolo·</span> <span class='ocrx_word' id='word_1_145' title='bbox 1258 1766 1259 1788; x_wconf 18' lang='lat' dir='ltr'>p</span> 
     </span>
     <span class='ocr_line' id='line_1_19' title="bbox 150 1799 1259 1885; baseline 0.005 -27"><span class='ocrx_word' id='word_1_146' title='bbox 150 1817 225 1858; x_wconf 89' lang='lat' dir='ltr'>rum</span> <span class='ocrx_word' id='word_1_147' title='bbox 247 1801 438 1878; x_wconf 84' lang='lat' dir='ltr'>praecentor</span> <span class='ocrx_word' id='word_1_148' title='bbox 453 1799 493 1864; x_wconf 88' lang='lat' dir='ltr'>ad</span> <span class='ocrx_word' id='word_1_149' title='bbox 508 1799 740 1884; x_wconf 86' lang='lat' dir='ltr'>expediendum</span> <span class='ocrx_word' id='word_1_150' title='bbox 754 1800 837 1885; x_wconf 91' lang='lat' dir='ltr'>quod</span> <span class='ocrx_word' id='word_1_151' title='bbox 852 1800 919 1864; x_wconf 91' lang='lat' dir='ltr'>orsi</span> <span class='ocrx_word' id='word_1_152' title='bbox 942 1802 1016 1865; x_wconf 92' lang='lat' dir='ltr'>sunt</span> <span class='ocrx_word' id='word_1_153' title='bbox 1032 1799 1175 1864; x_wconf 86' lang='lat' dir='ltr'>incitans</span> <span class='ocrx_word' id='word_1_154' title='bbox 1258 1859 1259 1878; x_wconf 20' lang='lat' dir='ltr'>q</span> 
     </span>
     <span class='ocr_line' id='line_1_20' title="bbox 153 1884 1259 1976; baseline 0.005 -30"><span class='ocrx_word' id='word_1_155' title='bbox 153 1884 288 1948; x_wconf 88' lang='lat' dir='ltr'>uocibus</span> <span class='ocrx_word' id='word_1_156' title='bbox 317 1886 449 1951; x_wconf 91' lang='lat' dir='ltr'>crebris.</span> <span class='ocrx_word' id='word_1_157' title='bbox 500 1889 556 1974; x_wconf 90' lang='lat' dir='ltr'>qui</span> <span class='ocrx_word' id='word_1_158' title='bbox 587 1890 668 1954; x_wconf 85' lang='lat' dir='ltr'>haut</span> <span class='ocrx_word' id='word_1_159' title='bbox 700 1890 798 1974; x_wconf 85' lang='lat' dir='ltr'>louge</span> <span class='ocrx_word' id='word_1_160' title='bbox 828 1893 943 1974; x_wconf 87' lang='lat' dir='ltr'>postea</span> <span class='ocrx_word' id='word_1_161' title='bbox 975 1887 1047 1953; x_wconf 91' lang='lat' dir='ltr'>ideo</span> <span class='ocrx_word' id='word_1_162' title='bbox 1077 1889 1174 1954; x_wconf 86' lang='lat' dir='ltr'>uiuus</span> <span class='ocrx_word' id='word_1_163' title='bbox 1258 1947 1259 1976; x_wconf 19' lang='grc' dir='ltr'>ἶ</span> 
     </span>
     <span class='ocr_line' id='line_1_21' title="bbox 152 1976 1259 2050; baseline 0.013 -14"><span class='ocrx_word' id='word_1_164' title='bbox 152 1976 287 2038; x_wconf 81' lang='lat' dir='ltr'>exustus</span> <span class='ocrx_word' id='word_1_165' title='bbox 311 1977 370 2038; x_wconf 89' lang='lat' dir='ltr'>cst.</span> <span class='ocrx_word' id='word_1_166' title='bbox 1155 1995 1161 2005; x_wconf 93' lang='grc'><strong>’</strong></span> <span class='ocrx_word' id='word_1_167' title='bbox 1191 2012 1218 2050; x_wconf 81' lang='lat' dir='ltr'>so</span> <span class='ocrx_word' id='word_1_168' title='bbox 1258 1979 1259 1984; x_wconf 33' lang='lat'>¹</span> 
     </span>
     <span class='ocr_line' id='line_1_22' title="bbox 245 2062 1259 2150; baseline 0.009 -25"><span class='ocrx_word' id='word_1_169' title='bbox 245 2062 295 2128; x_wconf 88' lang='lat'>18.</span> <span class='ocrx_word' id='word_1_170' title='bbox 309 2062 354 2128; x_wconf 87' lang='lat' dir='ltr'>Et</span> <span class='ocrx_word' id='word_1_171' title='bbox 364 2065 441 2149; x_wconf 89' lang='lat' dir='ltr'>quia</span> <span class='ocrx_word' id='word_1_172' title='bbox 450 2065 595 2131; x_wconf 90' lang='lat' dir='ltr'>Montius</span> <span class='ocrx_word' id='word_1_173' title='bbox 605 2067 691 2132; x_wconf 91' lang='lat' dir='ltr'>inter</span> <span class='ocrx_word' id='word_1_174' title='bbox 701 2067 972 2132; x_wconf 87' lang='lat' dir='ltr'>dilancinantium</span> <span class='ocrx_word' id='word_1_175' title='bbox 982 2089 1097 2132; x_wconf 88' lang='lat' dir='ltr'>manus</span> <span class='ocrx_word' id='word_1_176' title='bbox 1108 2067 1175 2150; x_wconf 92' lang='lat' dir='ltr'>spi·</span> <span class='ocrx_word' id='word_1_177' title='bbox 1258 2131 1259 2134; x_wconf 74' lang='grc'>,</span> 
     </span>
     <span class='ocr_line' id='line_1_23' title="bbox 150 2151 1259 2241; baseline 0.009 -25"><span class='ocrx_word' id='word_1_178' title='bbox 150 2151 254 2216; x_wconf 85' lang='lat' dir='ltr'>ritum</span> <span class='ocrx_word' id='word_1_179' title='bbox 278 2151 446 2218; x_wconf 84' lang='lat' dir='ltr'>efflaturus</span> <span class='ocrx_word' id='word_1_180' title='bbox 465 2155 654 2240; x_wconf 79' lang='lat' dir='ltr'>Epigonum</span> <span class='ocrx_word' id='word_1_181' title='bbox 677 2159 710 2220; x_wconf 87' lang='lat' dir='ltr'>et</span> <span class='ocrx_word' id='word_1_182' title='bbox 723 2155 903 2221; x_wconf 82' lang='lat' dir='ltr'>Eusebium</span> <span class='ocrx_word' id='word_1_183' title='bbox 916 2179 975 2221; x_wconf 88' lang='lat' dir='ltr'>nec</span> <span class='ocrx_word' id='word_1_184' title='bbox 998 2156 1176 2241; x_wconf 78' lang='lat' dir='ltr'>professio</span> <span class='ocrx_word' id='word_1_185' title='bbox 1258 2217 1259 2226; x_wconf 73' lang='grc'>,</span> 
     </span>
     <span class='ocr_line' id='line_1_24' title="bbox 152 2241 1259 2330; baseline 0.005 -26"><span class='ocrx_word' id='word_1_186' title='bbox 152 2261 228 2305; x_wconf 90' lang='lat' dir='ltr'>nem</span> <span class='ocrx_word' id='word_1_187' title='bbox 250 2263 310 2306; x_wconf 89' lang='lat' dir='ltr'>neo</span> <span class='ocrx_word' id='word_1_188' title='bbox 333 2241 528 2327; x_wconf 85' lang='lat' dir='ltr'>dignitatem</span> <span class='ocrx_word' id='word_1_189' title='bbox 551 2245 725 2310; x_wconf 88' lang='lat' dir='ltr'>ostendens</span> <span class='ocrx_word' id='word_1_190' title='bbox 750 2245 947 2330; x_wconf 88' lang='lat' dir='ltr'>aliquotiens</span> <span class='ocrx_word' id='word_1_191' title='bbox 971 2246 1174 2330; x_wconf 83' lang='lat' dir='ltr'>increpabat,</span> <span class='ocrx_word' id='word_1_192' title='bbox 1258 2305 1259 2318; x_wconf 69' lang='grc'>,</span> 
     </span>
     <span class='ocr_line' id='line_1_25' title="bbox 154 2330 1259 2420; baseline 0.005 -26"><span class='ocrx_word' id='word_1_193' title='bbox 154 2330 210 2414; x_wconf 92' lang='lat' dir='ltr'>qui</span> <span class='ocrx_word' id='word_1_194' title='bbox 237 2331 303 2397; x_wconf 91' lang='lat' dir='ltr'>sint</span> <span class='ocrx_word' id='word_1_195' title='bbox 330 2331 366 2396; x_wconf 88' lang='lat' dir='ltr'>hi</span> <span class='ocrx_word' id='word_1_196' title='bbox 393 2353 514 2420; x_wconf 82' lang='lat' dir='ltr'>magna</span> <span class='ocrx_word' id='word_1_197' title='bbox 542 2336 760 2420; x_wconf 88' lang='lat' dir='ltr'>quaerebatur</span> <span class='ocrx_word' id='word_1_198' title='bbox 787 2335 961 2418; x_wconf 86' lang='lat' dir='ltr'>industria,</span> <span class='ocrx_word' id='word_1_199' title='bbox 994 2339 1026 2401; x_wconf 89' lang='lat' dir='ltr'>et</span> <span class='ocrx_word' id='word_1_200' title='bbox 1053 2335 1176 2419; x_wconf 92' lang='lat' dir='ltr'>nequid</span> <span class='ocrx_word' id='word_1_201' title='bbox 1258 2341 1259 2346; x_wconf 76' lang='grc'>’</span> 
     </span>
     <span class='ocr_line' id='line_1_26' title="bbox 152 2419 1219 2509; baseline 0.006 -27"><span class='ocrx_word' id='word_1_202' title='bbox 152 2419 370 2504; x_wconf 89' lang='lat' dir='ltr'>intepisceret,</span> <span class='ocrx_word' id='word_1_203' title='bbox 392 2423 562 2508; x_wconf 81' lang='lat' dir='ltr'>Epigonus</span> <span class='ocrx_word' id='word_1_204' title='bbox 588 2447 605 2488; x_wconf 91' lang='lat' dir='ltr'>e</span> <span class='ocrx_word' id='word_1_205' title='bbox 628 2424 729 2509; x_wconf 86' lang='lat' dir='ltr'>Lycia</span> <span class='ocrx_word' id='word_1_206' title='bbox 751 2423 966 2508; x_wconf 85' lang='lat' dir='ltr'>philosophus</span> <span class='ocrx_word' id='word_1_207' title='bbox 990 2423 1117 2488; x_wconf 84' lang='lat' dir='ltr'>ducitur</span> <span class='ocrx_word' id='word_1_208' title='bbox 1140 2428 1176 2488; x_wconf 90' lang='lat' dir='ltr'>et</span> <span class='ocrx_word' id='word_1_209' title='bbox 1192 2457 1219 2496; x_wconf 75' lang='lat'>25</span> 
     </span>
     <span class='ocr_line' id='line_1_27' title="bbox 150 2507 1259 2598; baseline 0.005 -27"><span class='ocrx_word' id='word_1_210' title='bbox 150 2507 314 2574; x_wconf 91' lang='lat' dir='ltr'>Eusebius</span> <span class='ocrx_word' id='word_1_211' title='bbox 339 2510 380 2574; x_wconf 89' lang='lat' dir='ltr'>ab</span> <span class='ocrx_word' id='word_1_212' title='bbox 403 2511 536 2578; x_wconf 85' lang='lat' dir='ltr'>Emissa</span> <span class='ocrx_word' id='word_1_213' title='bbox 559 2513 705 2578; x_wconf 88' lang='lat' dir='ltr'>Pittacas</span> <span class='ocrx_word' id='word_1_214' title='bbox 732 2513 962 2598; x_wconf 80' lang='lat' dir='ltr'>cognomento,</span> <span class='ocrx_word' id='word_1_215' title='bbox 990 2513 1175 2578; x_wconf 85' lang='lat' dir='ltr'>concitatus</span> <span class='ocrx_word' id='word_1_216' title='bbox 1258 2579 1259 2586; x_wconf 9' lang='grc' dir='ltr'>χ</span> 
     </span>
     <span class='ocr_line' id='line_1_28' title="bbox 153 2600 1259 2685; baseline 0.007 -25"><span class='ocrx_word' id='word_1_217' title='bbox 153 2600 275 2682; x_wconf 87' lang='lat' dir='ltr'>orator,</span> <span class='ocrx_word' id='word_1_218' title='bbox 299 2620 371 2663; x_wconf 90' lang='lat' dir='ltr'>oum</span> <span class='ocrx_word' id='word_1_219' title='bbox 395 2605 549 2685; x_wconf 84' lang='lat' dir='ltr'>quaestor</span> <span class='ocrx_word' id='word_1_220' title='bbox 566 2625 633 2668; x_wconf 92' lang='lat' dir='ltr'>non</span> <span class='ocrx_word' id='word_1_221' title='bbox 655 2602 714 2667; x_wconf 93' lang='lat' dir='ltr'>hos</span> <span class='ocrx_word' id='word_1_222' title='bbox 731 2601 786 2666; x_wconf 90' lang='lat' dir='ltr'>sed</span> <span class='ocrx_word' id='word_1_223' title='bbox 809 2602 959 2668; x_wconf 89' lang='lat' dir='ltr'>tribunos</span> <span class='ocrx_word' id='word_1_224' title='bbox 973 2601 1177 2667; x_wconf 85' lang='lat' dir='ltr'>fabricarum</span> <span class='ocrx_word' id='word_1_225' title='bbox 1258 2611 1259 2668; x_wconf 77' lang='lat' dir='ltr'>J</span> 
     </span>
     <span class='ocr_line' id='line_1_29' title="bbox 150 2671 1259 2776; baseline 0.007 -30"><span class='ocrx_word' id='word_1_226' title='bbox 150 2684 377 2752; x_wconf 87' lang='lat' dir='ltr'>insimulasset</span> <span class='ocrx_word' id='word_1_227' title='bbox 403 2690 631 2773; x_wconf 88' lang='lat' dir='ltr'>promittentes</span> <span class='ocrx_word' id='word_1_228' title='bbox 656 2713 821 2756; x_wconf 90' lang='lat' dir='ltr'>armorum</span> <span class='ocrx_word' id='word_1_229' title='bbox 845 2691 873 2755; x_wconf 89' lang='lat' dir='ltr'>si</span> <span class='ocrx_word' id='word_1_230' title='bbox 900 2713 1004 2756; x_wconf 90' lang='lat' dir='ltr'>nouas</span> <span class='ocrx_word' id='word_1_231' title='bbox 1028 2713 1080 2755; x_wconf 91' lang='lat' dir='ltr'>res</span> <span class='ocrx_word' id='word_1_232' title='bbox 1104 2691 1177 2776; x_wconf 83' lang='lat' dir='ltr'>agi·</span> <span class='ocrx_word' id='word_1_233' title='bbox 1258 2671 1259 2746; x_wconf 77' lang='lat' dir='ltr'>l</span> 
     </span>
     <span class='ocr_line' id='line_1_30' title="bbox 149 2775 1177 2864; baseline 0.007 -27"><span class='ocrx_word' id='word_1_234' title='bbox 149 2775 218 2838; x_wconf 89' lang='lat' dir='ltr'>tari</span> <span class='ocrx_word' id='word_1_235' title='bbox 228 2777 457 2859; x_wconf 89' lang='lat' dir='ltr'>conperissent.</span> <span class='ocrx_word' id='word_1_236' title='bbox 474 2779 523 2844; x_wconf 85' lang='lat'>19.</span> <span class='ocrx_word' id='word_1_237' title='bbox 538 2780 641 2845; x_wconf 92' lang='lat' dir='ltr'>isdem</span> <span class='ocrx_word' id='word_1_238' title='bbox 650 2781 763 2846; x_wconf 91' lang='lat' dir='ltr'>diebus</span> <span class='ocrx_word' id='word_1_239' title='bbox 775 2780 978 2864; x_wconf 86' lang='lat' dir='ltr'>Apollinaris</span> <span class='ocrx_word' id='word_1_240' title='bbox 989 2779 1177 2846; x_wconf 90' lang='lat' dir='ltr'>Domitiani</span> 
     </span>
     <span class='ocr_line' id='line_1_31' title="bbox 150 2866 1220 2955; baseline 0.008 -28"><span class='ocrx_word' id='word_1_241' title='bbox 150 2883 267 2948; x_wconf 78' lang='lat' dir='ltr'>gener,</span> <span class='ocrx_word' id='word_1_242' title='bbox 293 2866 392 2948; x_wconf 86' lang='lat' dir='ltr'>paulo</span> <span class='ocrx_word' id='word_1_243' title='bbox 421 2871 497 2934; x_wconf 87' lang='lat' dir='ltr'>ante</span> <span class='ocrx_word' id='word_1_244' title='bbox 525 2890 625 2954; x_wconf 87' lang='lat' dir='ltr'>agens</span> <span class='ocrx_word' id='word_1_245' title='bbox 654 2869 772 2955; x_wconf 88' lang='lat' dir='ltr'>palatii</span> <span class='ocrx_word' id='word_1_246' title='bbox 800 2868 949 2935; x_wconf 79' lang='lat' dir='ltr'>Caesaris</span> <span class='ocrx_word' id='word_1_247' title='bbox 979 2891 1103 2954; x_wconf 84' lang='lat' dir='ltr'>curam,</span> <span class='ocrx_word' id='word_1_248' title='bbox 1132 2869 1177 2934; x_wconf 86' lang='lat' dir='ltr'>ad</span> <span class='ocrx_word' id='word_1_249' title='bbox 1192 2896 1220 2936; x_wconf 85' lang='lat' dir='ltr'>ao</span> 
     </span>
     <span class='ocr_line' id='line_1_32' title="bbox 153 2949 1175 3043; baseline 0.009 -28"><span class='ocrx_word' id='word_1_250' title='bbox 153 2949 426 3037; x_wconf 90' lang='lat' dir='ltr'>Mesopotamiam</span> <span class='ocrx_word' id='word_1_251' title='bbox 449 2957 567 3022; x_wconf 90' lang='lat' dir='ltr'>missus</span> <span class='ocrx_word' id='word_1_252' title='bbox 591 2982 611 3023; x_wconf 89' lang='lat' dir='ltr'>a</span> <span class='ocrx_word' id='word_1_253' title='bbox 630 2981 740 3024; x_wconf 88' lang='lat' dir='ltr'>socero</span> <span class='ocrx_word' id='word_1_254' title='bbox 763 2981 821 3043; x_wconf 91' lang='lat' dir='ltr'>per</span> <span class='ocrx_word' id='word_1_255' title='bbox 843 2959 1004 3024; x_wconf 89' lang='lat' dir='ltr'>militares</span> <span class='ocrx_word' id='word_1_256' title='bbox 1019 2979 1175 3024; x_wconf 86' lang='lat' dir='ltr'>numeros</span> 
     </span>
    </p>
   </div>
   <div class='ocr_carea' id='block_1_3' title="bbox 152 3169 1180 3682">
    <p class='ocr_par' dir='ltr' id='par_1_3' title="bbox 152 3169 1180 3682">
     <span class='ocr_line' id='line_1_33' title="bbox 223 3169 1178 3260; baseline 0.006 -10"><span class='ocrx_word' id='word_1_257' title='bbox 223 3203 237 3250; x_wconf 90' lang='lat'>1</span> <span class='ocrx_word' id='word_1_258' title='bbox 255 3197 381 3254; x_wconf 68' lang='lat' dir='ltr'>incensa</span> <span class='ocrx_word' id='word_1_259' title='bbox 403 3200 455 3254; x_wconf 87' lang='lat' dir='ltr'>VP</span> <span class='ocrx_word' id='word_1_260' title='bbox 510 3206 526 3255; x_wconf 78' lang='lat' dir='ltr'>s</span> <span class='ocrx_word' id='word_1_261' title='bbox 544 3203 706 3258; x_wconf 79' lang='lat' dir='ltr'>diuertebat</span> <span class='ocrx_word' id='word_1_262' title='bbox 722 3204 750 3258; x_wconf 81' lang='lat' dir='ltr'><strong><em>A</em></strong></span> <span class='ocrx_word' id='word_1_263' title='bbox 767 3169 936 3260; x_wconf 74' lang='lat' dir='ltr'>deuertebat</span> <span class='ocrx_word' id='word_1_264' title='bbox 956 3203 1009 3258; x_wconf 76' lang='lat' dir='ltr'>rr</span> <span class='ocrx_word' id='word_1_265' title='bbox 1065 3209 1080 3258; x_wconf 84' lang='lat' dir='ltr'>e</span> <span class='ocrx_word' id='word_1_266' title='bbox 1098 3219 1178 3258; x_wconf 77' lang='lat' dir='ltr'>mor-</span> 
     </span>
     <span class='ocr_line' id='line_1_34' title="bbox 152 3263 1180 3394; baseline 0.01 -77"><span class='ocrx_word' id='word_1_267' title='bbox 152 3263 253 3385; x_wconf 61' lang='lat' dir='ltr'>ppsum</span> <span class='ocrx_word' id='word_1_268' title='bbox 277 3265 303 3386; x_wconf 58' lang='grc' dir='ltr'>(ἒ</span> <span class='ocrx_word' id='word_1_269' title='bbox 328 3268 490 3390; x_wconf 52' lang='grc' dir='ltr'>ηὲοτάῗὲυω</span> <span class='ocrx_word' id='word_1_270' title='bbox 515 3269 567 3324; x_wconf 90' lang='lat' dir='ltr'>VP</span> <span class='ocrx_word' id='word_1_271' title='bbox 643 3277 672 3326; x_wconf 89' lang='lat'>11</span> <span class='ocrx_word' id='word_1_272' title='bbox 696 3272 845 3392; x_wconf 53' lang='lat' dir='ltr'>rapiiueie</span> <span class='ocrx_word' id='word_1_273' title='bbox 870 3272 896 3326; x_wconf 80' lang='lat' dir='ltr'><strong><em>G</em></strong></span> <span class='ocrx_word' id='word_1_274' title='bbox 942 3287 1059 3394; x_wconf 52' lang='lat' dir='ltr'>arplqere</span> <span class='ocrx_word' id='word_1_275' title='bbox 1086 3270 1180 3392; x_wconf 68' lang='lat' dir='ltr'>lina</span> 
     </span>
     <span class='ocr_line' id='line_1_35' title="bbox 152 3341 1179 3480; baseline 0.011 -27"><span class='ocrx_word' id='word_1_276' title='bbox 152 3349 379 3480; x_wconf 45' lang='lat' dir='ltr'>suffla&amp;</span> <span class='ocrx_word' id='word_1_277' title='bbox 429 3341 1179 3464; x_wconf 61' lang='lat' dir='ltr'>2fatuatur⁰atttt.“rtuattm²tt</span> 
     </span>
     <span class='ocr_line' id='line_1_36' title="bbox 154 3469 1179 3554; baseline 0.009 -33"><span class='ocrx_word' id='word_1_278' title='bbox 154 3473 192 3546; x_wconf 70' lang='grc' dir='ltr'>23Ι</span> <span class='ocrx_word' id='word_1_279' title='bbox 204 3469 390 3550; x_wconf 77' lang='lat' dir='ltr'>increpabant</span> <span class='ocrx_word' id='word_1_280' title='bbox 411 3471 463 3526; x_wconf 89' lang='lat' dir='ltr'>VP</span> <span class='ocrx_word' id='word_1_281' title='bbox 513 3479 547 3527; x_wconf 75' lang='lat'>25</span> <span class='ocrx_word' id='word_1_282' title='bbox 564 3473 685 3554; x_wconf 38' lang='lat' dir='ltr'>essLycia</span> <span class='ocrx_word' id='word_1_283' title='bbox 701 3475 752 3545; x_wconf 65' lang='lat' dir='ltr'>bac</span> <span class='ocrx_word' id='word_1_284' title='bbox 769 3474 840 3529; x_wconf 84' lang='lat' dir='ltr'>haec</span> <span class='ocrx_word' id='word_1_285' title='bbox 857 3475 924 3530; x_wconf 84' lang='lat' dir='ltr'>licia</span> <span class='ocrx_word' id='word_1_286' title='bbox 944 3474 976 3532; x_wconf 84' lang='lat' dir='ltr'>V.</span> <span class='ocrx_word' id='word_1_287' title='bbox 1024 3481 1055 3530; x_wconf 77' lang='lat'>26</span> <span class='ocrx_word' id='word_1_288' title='bbox 1074 3474 1112 3528; x_wconf 86' lang='lat' dir='ltr'>ad</span> <span class='ocrx_word' id='word_1_289' title='bbox 1131 3475 1179 3530; x_wconf 87' lang='lat' dir='ltr'>di·</span> 
     </span>
     <span class='ocr_line' id='line_1_37' title="bbox 154 3537 1179 3658; baseline 0.01 -70"><span class='ocrx_word' id='word_1_290' title='bbox 154 3552 239 3616; x_wconf 62' lang='lat' dir='ltr'>missa</span> <span class='ocrx_word' id='word_1_291' title='bbox 259 3537 425 3658; x_wconf 77' lang='lat' dir='ltr'>p1tt(aca&gt;s</span> <span class='ocrx_word' id='word_1_292' title='bbox 452 3539 478 3593; x_wconf 89' lang='lat' dir='ltr'><strong><em>V</em></strong></span> <span class='ocrx_word' id='word_1_293' title='bbox 496 3557 511 3596; x_wconf 93' lang='lat' dir='ltr'>e</span> <span class='ocrx_word' id='word_1_294' title='bbox 530 3540 622 3620; x_wconf 78' lang='lat' dir='ltr'>Mysia</span> <span class='ocrx_word' id='word_1_295' title='bbox 643 3543 759 3612; x_wconf 82' lang='lat' dir='ltr'>pretatis</span> <span class='ocrx_word' id='word_1_296' title='bbox 781 3543 851 3622; x_wconf 69' lang='lat' dir='ltr'>bpc⁸</span> <span class='ocrx_word' id='word_1_297' title='bbox 902 3549 934 3598; x_wconf 80' lang='lat'>28</span> <span class='ocrx_word' id='word_1_298' title='bbox 958 3559 1101 3624; x_wconf 81' lang='lat' dir='ltr'>armorum</span> <span class='ocrx_word' id='word_1_299' title='bbox 1125 3543 1179 3598; x_wconf 85' lang='lat' dir='ltr'>ad-</span> 
     </span>
     <span class='ocr_line' id='line_1_38' title="bbox 152 3606 1180 3682; baseline 0.013 -27"><span class='ocrx_word' id='word_1_300' title='bbox 152 3620 259 3658; x_wconf 80' lang='lat' dir='ltr'>mmrcu</span> <span class='ocrx_word' id='word_1_301' title='bbox 271 3622 288 3660; x_wconf 89' lang='lat' dir='ltr'>a</span> <span class='ocrx_word' id='word_1_302' title='bbox 300 3606 429 3663; x_wconf 79' lang='lat' dir='ltr'>Valcseas</span> <span class='ocrx_word' id='word_1_303' title='bbox 454 3613 487 3663; x_wconf 79' lang='lat'>29</span> <span class='ocrx_word' id='word_1_304' title='bbox 496 3610 689 3679; x_wconf 81' lang='lat' dir='ltr'>conperissent</span> <span class='ocrx_word' id='word_1_305' title='bbox 699 3611 760 3666; x_wconf 85' lang='lat' dir='ltr'>Pbo</span> <span class='ocrx_word' id='word_1_306' title='bbox 770 3614 931 3681; x_wconf 84' lang='lat' dir='ltr'>conprssent</span> <span class='ocrx_word' id='word_1_307' title='bbox 943 3611 1138 3682; x_wconf 85' lang='lat' dir='ltr'>Vooeprssent</span> <span class='ocrx_word' id='word_1_308' title='bbox 1149 3611 1180 3668; x_wconf 76' lang='lat' dir='ltr'><em>G</em></span> 
     </span>
    </p>
   </div>
   <div class='ocr_carea' id='block_1_4' title="bbox 0 0 1270 3922">
    <p class='ocr_par' dir='ltr' id='par_1_4' title="bbox 0 0 1270 3922">
     <span class='ocr_line' id='line_1_39' title="bbox 0 0 1270 3922; baseline 0 1"><span class='ocrx_word' id='word_1_309' title='bbox 0 0 1270 3922; x_wconf 95' lang='lat' dir='ltr'> </span> 
     </span>
    </p>
   </div>
  </div>
 </body>
</html>
