2430 3928
147 202 189 266 66
544 195 595 249 XV
614 200 638 262 8,
660 199 759 250 13-11

145 342 313 408 nobilitati
327 340 408 406 mihi
425 339 635 424 propinquae,
659 359 756 424 quam
779 339 851 421 ipsa
873 338 1035 420 potestate
1050 335 1157 399 uideor

146 449 217 497 esse
232 431 391 497 sublimis.
416 429 466 493 13.
477 429 588 493 adesto
602 429 704 514 igitur
718 428 868 492 laborum
881 425 1157 510 periculorumque

146 521 310 606 particeps
332 523 366 584 et
378 518 517 583 tutelam
530 518 704 582 ministerii
719 516 845 600 suscipe
860 513 1050 597 Galliarum,
1073 513 1158 578 omni

146 609 360 674 beneficentia
368 610 478 692 partes
491 608 656 672 leuaturus
667 607 827 672 adflictas:
842 605 917 669 etsi
930 603 1079 668 hostibus
1090 625 1159 666 con-

148 699 240 783 gredi
250 700 440 780 sitnecesse,
447 697 512 762 fixo
523 697 627 780 gradu
635 697 775 761 consiste
786 695 871 758 inter
881 692 1055 778 signiferos
1066 693 1159 776 ipsos,
1173 709 1183 748 ⁵

149 789 287 854 audendi
313 789 515 870 intempore
540 786 760 850 consideratus
788 784 952 867 hortator,
979 785 1159 866 pugnantes

148 877 324 942 accendens
347 876 530 961 praeeundo
555 875 740 940 cautissime
769 873 981 958 turbatosque
1011 871 1160 936 subsidiis

148 967 299 1050 fulciens,
327 965 470 1029 modeste
498 965 667 1048 increpans
691 964 831 1046 desides,
858 961 1046 1026 uerissimus
1069 961 1161 1024 testis

149 1055 316 1120 adiuturus
331 1053 498 1118 industriis
514 1058 547 1118 et
560 1054 698 1136 ignauis.
737 1053 787 1118 14.
810 1051 947 1135 proinde
961 1053 1096 1134 urgente
1114 1050 1163 1113 rei

149 1143 372 1228 magnitudine
403 1162 503 1226 perge
535 1143 586 1206 uir
618 1142 712 1207 fortis
745 1142 897 1206 ducturus
930 1141 1017 1204 uiros
1049 1138 1162 1208 itidem
1175 1155 1196 1193 10

149 1234 260 1298 fortes.
306 1232 466 1296 aderimus
494 1231 589 1296 nobis
603 1231 759 1296 ‘uicissim
787 1231 906 1295 amoris
934 1230 1070 1294 robusta
1092 1249 1163 1292 con-

150 1323 285 1406 stantia,
308 1321 523 1385 militabimus
547 1320 658 1404 simul,
680 1343 745 1384 una
767 1320 880 1384 orbem
900 1320 1064 1402 pacatum,
1087 1317 1163 1380 deus

150 1413 244 1476 modo
268 1411 350 1476 uelit
374 1409 459 1494 quod
483 1431 621 1494 oramus,
644 1409 715 1492 pari
738 1407 958 1472 moderatione
979 1407 1163 1490 pietateque

150 1501 278 1566 recturi.
312 1521 437 1564 mecum
459 1499 579 1582 ubique
602 1499 763 1564 uideberis
787 1519 940 1581 praesens
965 1499 997 1560 11
1020 1515 1080 1579 ego
1103 1495 1165 1558 tibi

151 1591 371 1674 quodcumque
395 1591 506 1652 acturo
529 1610 597 1652 non
619 1589 723 1652 deerc.
769 1588 809 1652 ad
833 1608 992 1652 summam
1015 1585 1027 1648 i
1049 1585 1071 1668 i,
1093 1601 1199 1666 pro-15

150 1701 228 1761 pera
256 1677 352 1741 sociis
382 1677 527 1741 omnium
553 1677 654 1760 uotis,
681 1677 773 1752 uelut
800 1676 1005 1760 adsignatam
1032 1673 1095 1737 tibi
1123 1673 1163 1736 ab

152 1769 223 1850 ipsa
244 1789 280 1829 re
307 1765 439 1848 publica
466 1766 642 1830 stationem
666 1787 743 1830 cura
770 1765 927 1849 peruigili
954 1763 1164 1828 defensurus.¹

229 1854 279 1918 15.
287 1853 392 1920 Nemo
402 1858 478 1936 post
487 1852 568 1920 haec
578 1854 810 1918 finitareticuit
819 1854 875 1918 sed
884 1853 1043 1917 militares
1054 1873 1165 1916 omncs

151 1943 310 2008 horrendo
333 1942 464 2026 fragore
488 1946 580 2008 scuta
604 1943 741 2027 genibus
765 1943 937 2006 inlidentes
953 1979 995 1988 —
1011 1940 1097 2026 quod
1118 1943 1168 2004 est

150 2031 377 2116 prosperitatis
401 2031 556 2098 indicium
578 2032 724 2115 plenum:
747 2053 823 2096 nam
837 2035 950 2096 contra
966 2052 1039 2095 cum
1062 2029 1166 2093 hastis
1181 2046 1204 2083 11

152 2121 248 2205 clipei
276 2120 447 2204 feriuntur,
481 2120 548 2185 irae
577 2121 804 2186 documentum
823 2125 882 2186 'est
913 2123 946 2184 11
973 2118 1096 2194 doloris
1126 2155 1168 2164 -—

151 2211 279 2274 inmane
304 2231 367 2293 quo
391 2212 576 2294 quantoque
600 2210 718 2295 gaudio
742 2213 870 2294 praeter
891 2230 1011 2293 paucos
1024 2207 1169 2292 Augusti

151 2301 330 2384 probauere
361 2297 516 2364 iudicium
548 2298 781 2383 Caesaremque
819 2297 1031 2364 admiratione
1068 2297 1170 2380 digna

152 2388 372 2472 suscipiebant
408 2389 611 2472 imperatorii
642 2385 773 2453 muricis
805 2387 933 2472 fulgore
966 2386 1170 2470 flagrantem.

154 2479 204 2542 16.
224 2477 313 2542 cuius
331 2476 443 2541 oculos
459 2499 531 2541 cum
545 2481 715 2542 uenustate
730 2476 894 2542 terribiles
908 2477 1101 2560 uultumque
1117 2498 1170 2538 ex·
1185 2491 1208 2530 2⁵

153 2567 283 2630 citatius
308 2568 438 2648 gratum
452 2566 508 2630 diu
521 2568 722 2650 multumque
741 2569 938 2648 contuentes,
961 2565 1017 2650 qui
1040 2565 1170 2629 firtmus

153 2655 196 2718 sit
219 2653 420 2736 colligebant
442 2655 533 2718 uelut
547 2655 700 2720 scrutatis
715 2655 879 2719 ueteribus
902 2655 1007 2737 libris,
1030 2675 1171 2739 quorum

153 2743 250 2806 lectio
278 2763 336 2824 1101
364 2763 536 2825 corporum
564 2744 659 2827 sigua
680 2744 795 2828 pandit
823 2744 1004 2808 animorum
1031 2743 1172 2807 interna.

154 2853 289 2915 eumque
321 2834 358 2894 ut
389 2831 512 2913 potiori
543 2833 725 2897 reuerentia
754 2837 952 2916 seruaretur,
983 2854 1045 2897 nec
1072 2853 1175 2914 supra

153 2921 284 2984 modum
306 2919 485 2984 laudabant
507 2943 567 2984 nec
589 2921 675 2986 inira
697 2944 794 3005 quam
817 2923 960 3004 decebat,
984 2925 1083 3007 atque
1098 2921 1202 2984 ideoss

154 3030 321 3074 censorum
335 3031 431 3074 uoces
447 3013 522 3074 sunt
536 3011 734 3094 aestimatae,
747 3033 814 3075 non
828 3011 979 3076 militum.
1005 3012 1175 3075 1111111-

152 3102 227 3180 ptus
261 3097 397 3181 denique
431 3099 471 3162 ad
503 3121 689 3164 consessum
717 3099 860 3164 uehiculi
891 3103 1104 3184 receptusque
1137 3099 1176 3160 in

220 3376 385 3431 lhostibus
403 3378 482 3447 Pbpu
503 3378 650 3432 hostilibus
679 3377 704 3431 V
782 3380 816 3432 ⁸7
840 3379 996 3434 accendens
1022 3379 1064 3434 sc'c
1091 3378 1178 3433 codd.

155 3443 285 3498 subsidiis
300 3445 353 3498 GA
370 3445 527 3500 subsidiens
548 3445 615 3500 VPb
643 3445 798 3502 8mcdeste
818 3447 882 3515 [101.
900 3451 917 3502 ὅ
934 3447 1000 3514 zita]
1019 3446 1045 3500 V
1079 3452 1109 3500 11
1122 3462 1178 3498 no-

152 3513 195 3564 bis
217 3511 297 3566 VGP
313 3512 394 3566 uobis
412 3513 447 3566 ba
508 3520 539 3568 15
557 3530 694 3568 summam
716 3513 727 3567 i
748 3515 759 3567 i
782 3514 908 3570 Valesius
929 3531 1010 3568 suma
1027 3513 1099 3568 mihi
1119 3512 1181 3566 VP

154 3585 186 3632 22
205 3581 366 3648 quantaque
385 3581 489 3650 gaudia
504 3581 556 3636 VP
590 3586 622 3635 28
632 3581 789 3636 animorum
801 3583 901 3650 10111111
913 3583 1073 3637 animarum
1091 3581 1180 3638 codd.

155 3651 187 3699 29
205 3647 404 3702 reuouerentia
424 3647 476 3702 VP
