2530 3922
431 221 646 281 PRAEFATIO.
1013 224 1095 282 VIIII

81 370 189 450 utpote
214 366 301 430 cives
324 367 477 432 benivole
500 373 642 434 excusat.
688 367 742 434 Sic
765 367 853 432 enim
877 368 925 432 ait
951 369 1093 438 inlibro

80 453 179 520 XXII.
217 455 277 520 sub
314 456 428 521 finem:
470 457 548 534 Quo
591 459 694 524 circa
730 459 769 524 in
811 479 875 522 eos
913 457 1093 544 deinceps

79 545 269 628 0001110110,
295 549 339 610 ut
366 545 661 612 obtrectatores
685 551 722 612 et
746 551 1006 631 contumaces,
1036 569 1094 613 vo-

79 635 209 698 lumen
245 635 469 718 composuit
514 636 769 722 inuectiuum,
814 637 925 720 quod·
956 636 1094 702 Antio·

81 723 216 788 chense
250 723 313 788 uel
345 723 639 809 Misopogonem
676 725 913 810 appellauit,
949 727 1094 811 probra

80 810 264 878 ciuitatis
296 812 451 878 infensa
483 819 609 881 mente
638 814 901 898 dinumerans,
934 815 1094 881 addens·

81 924 146 986 que
169 901 338 966 veritati
362 903 571 986 complura.
618 901 771 969 Ceterum
786 909 949 988 cumpost
968 905 1094 970 obitum

79 990 230 1056 Valentis
263 990 492 1057 Marcellinum
523 995 559 1057 in
590 993 705 1058 urbem
736 993 879 1077 uenisse,
909 993 1019 1078 ibique
1046 994 1095 1058 hi-

80 1080 197 1145 storias
213 1081 435 1164 composuisse
449 1081 627 1148 docuerim:
650 1086 780 1166 tempus
799 1082 916 1167 ipsum,
939 1105 1002 1168 quo
1030 1083 1093 1148 hae

77 1169 236 1234 historiae
278 1170 417 1254 scriptae
459 1176 550 1256 sunt,
596 1172 676 1236 satis
718 1172 977 1236 demonstratum
1004 1177 1094 1256 puta.

80 1258 286 1343 Quamquam
318 1263 449 1324 tantum
481 1264 614 1345 tamque
647 1259 784 1326 arduum
818 1283 899 1344 opus
931 1283 998 1326 non
1027 1284 1093 1326 uno

80 1347 144 1431 die,
173 1351 232 1412 aut
261 1369 346 1412 anno
374 1349 540 1414 detextum
567 1354 630 1434 est3
659 1350 715 1415 sed
742 1372 801 1434 per
823 1353 934 1433 partes
959 1351 1094 1414 subinde

80 1437 118 1500 ab
143 1441 277 1501 auctore
300 1437 517 1522 publicatum:
541 1439 626 1524 quod
650 1440 749 1504 ctiam
772 1439 808 1502 in
834 1438 974 1522 epistola
997 1460 1095 1522 supra

81 1526 181 1591 allata
204 1529 347 1591 testatur
369 1526 535 1593 Libanius.
584 1527 630 1592 Et
656 1528 779 1592 librum
807 1527 937 1612 quidem
959 1526 1095 1592 XXVII.

79 1617 153 1697 post
194 1637 308 1680 necem
353 1615 518 1702 Gratiani,
564 1621 597 1682 et
642 1615 814 1701 tyrannide
855 1615 991 1681 Maximi
1027 1617 1095 1681 iam

79 1703 255 1788 profligata
304 1706 462 1790 scriptum
512 1706 614 1771 fuisse
659 1709 753 1790 patet
799 1727 838 1770 ex
889 1705 974 1769 libro
1021 1706 1093 1790 ipso

80 1789 215 1858 XXVII.
231 1792 318 1878 quod
342 1795 495 1860 etiamen
517 1795 685 1879 prooemio
708 1794 787 1859 libri
805 1793 957 1859 XXVIII.
982 1794 1095 1878 colligi

81 1885 205 1966 potest,
232 1882 291 1947 ubi
318 1883 366 1949 ait
393 1883 535 1949 Tamen
562 1884 783 1968 praesentis
811 1884 1000 1968 temporis
1024 1905 1095 1948 mo-

82 1971 208 2035 destia
245 1971 432 2057 confisus,
465 1977 524 2038 etc.
579 1972 753 2038 Praeterea
789 1972 824 2036 in
860 1972 945 2037 libro
975 1971 1094 2037 XXVI.

81 2059 299 2125 Nectherium
323 2059 498 2126 Consulem
520 2067 690 2127 memorat.
735 2059 812 2126 Fuit
832 2065 942 2126 autem
955 2061 1096 2126 Necthe-

81 2148 146 2212 rius
177 2146 302 2213 Consul
333 2171 416 2215 anno
443 2151 579 2216 Domini
606 2149 717 2238 390*).
761 2149 808 2214 At
830 2151 865 2215 in
892 2151 977 2215 libro
1001 2149 1096 2214 XXII

81 2237 117 2302 dc
141 2235 343 2326 Serapeo**)
370 2243 407 2304 ut
430 2240 535 2304 adhuc
564 2244 672 2305 stante
695 2239 854 2324 loquitur:
878 2240 965 2324 quod
992 2238 1096 2304 Theo-

81 2327 163 2391 dosii
190 2325 274 2411 Imp.
303 2327 408 2392 edicto
441 2329 643 2394 destructum
671 2334 722 2393 est
749 2325 931 2393 Consulatu
959 2327 1096 2392 Timasii

82 2419 112 2479 ct
134 2415 300 2499 Promoti,
326 2417 360 2480 id
388 2422 438 2483 est
466 2436 551 2483 anno
576 2422 651 2482 ante
675 2415 890 2482 Consulatum
916 2415 1097 2501 Nectherii‚

80 2509 115 2568 nt
144 2505 265 2570 scribit
290 2504 501 2572 Marcellinus
529 2508 564 2572 in
591 2505 761 2572 Chronico.
807 2505 1012 2590 Quamquam
1036 2504 1096 2570 Ta·
1163 2576 1167 2582 ,

80 2593 169 2658 tiano
196 2597 230 2659 et
254 2592 449 2678 Symmacho
473 2594 563 2662 Coss.
587 2618 672 2662 anno
695 2595 791 2662 Dom.
806 2595 869 2660 391
894 2595 927 2659 id
942 2593 1096 2659 accidisse

80 2683 205 2748 indicat
233 2682 410 2748 Theodosii
436 2685 539 2769 ipsius
562 2684 709 2750 'edictum
737 2685 773 2748 in
800 2684 909 2749 codice
937 2683 1095 2748 Theodos.

81 2772 116 2834 de
144 2771 300 2856 Paganis.
351 2773 473 2850 Quanti
499 2796 597 2859 porro
625 2771 808 2838 faciendum
836 2773 880 2837 sit
902 2772 964 2837 hoc
986 2771 1097 2836 Histo-

80 2861 204 2926 riarum
229 2883 310 2946 opus
333 2860 521 2927 Marcellini
542 2863 648 2928 nostri
672 2885 711 2926 cx
735 2862 837 2926 allato
854 2859 987 2926 Libanii
1007 2861 1098 2924 testi-

81 2951 191 3015 monio
232 2951 374 3034 perspici
414 2956 532 3035 potest.
590 2951 675 3016 Mihi
716 2951 846 3037 quidem
885 2948 1096 3014 Marcellinus

82 3041 217 3104 summis
253 3039 434 3125 quibusque
465 3039 633 3107 Historiae
662 3039 877 3125 scriptoribus
911 3060 1097 3122 comparan-

82 3128 138 3193 dus
162 3129 304 3195 videtur
348 3129 436 3195 Nam
459 3152 531 3196 cum
550 3131 613 3196 duo
636 3131 776 3196 maxime
790 3127 995 3193 inhistorico
1011 3148 1098 3210 spec-

81 3219 182 3284 tanda
203 3219 285 3303 sint,
312 3241 365 3284 res
389 3223 422 3284 ct
448 3221 563 3285 verba:
587 3219 727 3284 elocutio
752 3217 881 3303 quidem
912 3217 999 3281 haud
1022 3237 1097 3300 qua-

82 3328 180 3390 quam
203 3329 316 3372 rerum
335 3309 504 3392 gestarum
521 3309 674 3394 scriptori
691 3306 889 3392 negligenda
903 3310 967 3399 esta
988 3325 1097 3369 rerum

146 3605 182 3707 :2
196 3603 242 3674 [cf.
262 3589 384 3674 Stevers,
402 3606 498 3662 haben
517 3608 567 3687 des
584 3607 717 3662 Libanius
734 3623 762 3674 p.
781 3605 841 3673 272]
940 3667 946 3678 ¹
1051 3661 1054 3666 ¹

183 3671 193 3742 )
215 3671 264 3744 [cf.
285 3673 491 3744 Gardthausen,
509 3674 563 3730 Dra
577 3674 735 3745 Geograph.
750 3664 1095 3737 Quell.Am1n1ansp.31]
