2430 3928
247 193 503 252 oousrnurivs
521 195 567 250 ur
585 193 760 252 ivnrnuvs
778 204 829 254 erc
1004 175 1045 268 87

47 337 122 420 regis
144 337 321 403 ennuchum
343 339 437 404 nobis
462 344 614 424 opponat,
636 341 698 405 hoc
717 341 845 406 monitu
858 343 1045 408 recordetur

48 426 117 492 nihil
139 449 232 511 super
255 451 293 493 eo
317 428 458 494 relatum
480 435 609 513 praeter
632 429 665 494 id
688 431 803 514 solum,
827 430 913 515 quod
936 431 971 496 in
994 456 1045 497 su·

45 537 141 596 premo
152 517 336 582 discrimine
346 519 488 602 gloriose
498 520 703 584 monstrauit.
721 520 771 585 10.
782 520 909 604 ingenti
917 521 1043 604 proelio

45 609 198 688 superatus
227 630 247 672 a
273 607 431 673 Romanis
459 613 492 674 et
518 609 675 693 Pompeio
703 631 759 674 rex
785 609 969 693 praedictus
998 611 1045 675 fu-

24 695 183 779 ngiensque
207 697 248 761 ad
269 717 372 782 regua
394 695 589 762 Colchorum
612 699 760 764 adultam
785 699 890 764 filiam
912 701 1043 765 nomine

43 782 242 868 Drypetinam
264 791 416 852 uexatum
439 789 615 872 asperitate
638 789 825 854 morborum
849 789 884 853 in
907 790 1042 854 castello

44 870 178 940 Sinhorio
202 875 279 940 huic
293 875 482 960 Menophilo
498 877 704 942 commissam
726 878 869 962 reliquit.
902 879 958 962 qui
980 880 1044 943 uir-

43 962 135 1043 ginem
157 965 249 1029 omni
275 967 491 1032 remediorum
515 967 636 1040 solacio
664 968 759 1052 plene
787 972 933 1032 curatam
954 969 1044 1051 patri

43 1052 188 1118 tutissime
222 1077 355 1120 seruans
389 1078 462 1120 oum
490 1079 509 1121 a
536 1055 660 1121 Manlio
688 1057 800 1140 Prisco
833 1057 1041 1141 imperatoris

16 1161 32 1197 u
43 1139 135 1223 legato
149 1144 396 1232 munimentum,
411 1168 474 1230 quo
489 1146 709 1228 claudebatur,
725 1145 868 1211 obsideri
882 1147 1042 1230 coepisset

42 1230 274 1319 defensoresque
297 1236 364 1300 eius
388 1235 586 1300 deditionem
609 1235 760 1314 meditari
783 1236 931 1320 sentiret,
960 1237 1048 1302 ueri·

41 1325 89 1401 tus,
108 1343 146 1386 ne
159 1323 308 1407 parentis
330 1325 506 1410 opprobrio
528 1324 638 1409 puella
651 1325 772 1391 nobilis
788 1325 918 1408 captiua
932 1347 1041 1408 super-

41 1415 109 1474 esset
131 1416 163 1476 et
185 1413 322 1497 uiolata,
345 1413 517 1480 interiecta
540 1415 600 1479 illa
614 1437 689 1480 mox
704 1414 851 1499 gladium
865 1413 900 1478 in
913 1414 1040 1478 uiscera

39 1520 85 1562 sua
105 1503 267 1586 conpegit.
311 1526 396 1568 nune
418 1504 548 1569 redeam
570 1505 654 1570 unde
678 1503 806 1568 diuerti.

16 1605 29 1644 o
113 1589 144 1654 8.
157 1593 184 1655 1.
196 1590 358 1676 Superato
369 1597 405 1658 ut
419 1593 487 1658 dixi
495 1593 651 1658 Marcello
661 1613 855 1676 reuersoque
867 1590 1040 1676 Serdicam,

39 1677 105 1742 unde
131 1681 314 1766 oriebatur,
341 1683 377 1748 in
403 1683 520 1748 castris
544 1682 688 1767 Augusti
714 1705 772 1766 per
798 1681 1041 1746 simulationem

39 1768 156 1834 tuendae
180 1771 366 1836 maiestatis
390 1772 620 1856 imperatoriae
644 1773 748 1837 multa
771 1776 804 1835 et
817 1771 957 1836 nefanda
970 1793 1041 1856 per-

38 1859 245 1934 petrabantur.
290 1862 320 1926 2.
346 1884 423 1926 nam
446 1862 547 1947 siquis
572 1884 667 1946 super
691 1865 826 1926 occentu
849 1860 963 1925 soricis
986 1861 1040 1925 uel

38 1966 153 2014 occursu
176 1951 339 2015 mustelae
361 1951 414 2016 uel
438 1951 555 2018 similis
580 1951 666 2035 signi
692 1951 801 2034 gratia
824 1950 1040 2014 consuluisset

16 2056 215 2122 oquemquam
244 2041 397 2123 peritum,
427 2045 484 2104 aut
512 2041 598 2105 anile
625 2041 905 2104 incantamentum
928 2039 969 2104 ad
997 2040 1040 2103 le-

38 2124 170 2192 niendum
194 2129 401 2194 adhibuisset
424 2129 571 2194 dolorem
594 2167 636 2175 —
661 2129 747 2214 quod
769 2129 947 2193 medicinae
963 2151 1039 2212 quo-

39 2234 85 2294 que
106 2217 255 2283 admittit
274 2219 451 2284 auctoritas
466 2241 607 2300 -reus,
629 2219 713 2284 unde
735 2241 801 2282 non
823 2220 954 2301 poterat
972 2218 1039 2300 opi-

37 2305 101 2387 nari,
122 2307 251 2372 delatus
266 2312 443 2393 raptusque
461 2309 496 2372 in
509 2307 664 2374 iudicium
676 2307 859 2392 poenaliter
873 2306 1038 2370 interibat.

108 2397 135 2460 3.
149 2395 216 2462 Per
230 2397 265 2461 id
279 2401 406 2480 tempus
420 2398 470 2462 fer
484 2447 704 2463 .............
718 2419 796 2462 num
811 2394 971 2479 quendam
983 2415 1040 2458 110-

16 2481 106 2548 εὖ111111
127 2485 261 2552 Danum
288 2491 411 2552 terrore
440 2491 535 2552 tenus
563 2509 644 2551 uxor
671 2507 780 2552 rerum
808 2484 930 2548 leuium
952 2483 1039 2548 incu-

39 2579 110 2638 saret
131 2580 259 2642 certum
283 2599 325 2642 an
347 2577 519 2660 insertum,
543 2577 626 2640 unde
640 2576 802 2640 insontem
815 2573 951 2638 Rufinus
966 2573 1039 2638 sub-

39 2659 144 2729 sidebat
167 2703 213 2712 -
238 2689 301 2750 quo
329 2665 493 2731 indicante
521 2666 680 2750 quaedam
708 2664 841 2748 cognita
869 2685 927 2746 per
955 2661 1038 2726 Gau-

39 2748 163 2818 dentium
188 2760 342 2840 agentem
365 2756 399 2819 in
412 2755 519 2838 rebus,
543 2754 746 2818 consularem
759 2753 946 2817 Pannoniae
961 2756 1039 2816 tunc

39 2836 224 2928 Africanum,
257 2867 330 2909 eum
362 2845 507 2909 conuiuis
540 2844 726 2908 rettulimus
759 2840 966 2906 interfectum
995 2877 1037 2886 -

16 2947 27 2974 ‘r
38 2933 233 3012 apparitionis
256 2933 479 3018 praefecturae
502 2933 729 3018 praetorianae
745 2937 816 2996 tum
830 2930 930 2995 etiam
952 2929 1039 3012 prin-

40 3088 237 3104 *Qun——

93 3187 250 3243 5aduitam
271 3189 324 3244 VP
341 3189 439 3244 aduita
458 3189 484 3242 G
518 3190 554 3242 ⁸7
572 3187 702 3242 Sinhorio
719 3187 759 3241 sic
777 3185 881 3254 VPbpa
916 3185 966 3252 qui
982 3185 1038 3238 uir-

40 3250 119 3325 tlssem
137 3255 163 3310 G
180 3257 283 3325 quibus
301 3256 441 3328 originem
456 3257 543 3312 VPho
583 3263 599 3310 9
616 3255 722 3310 manlio
739 3254 831 3324 prisco
846 3253 924 3321 Pbpn
942 3253 1038 3306 mallio

39 3321 124 3383 lllrisoo
143 3323 171 3377 V
221 3332 252 3380 11
272 3328 331 3380 eius
349 3343 401 3380 om.
419 3325 500 3394 Pbpo
546 3330 577 3378 12
596 3323 699 3377 nubilis
717 3323 768 3392 huo
819 3327 851 3376 15
868 3336 1037 3388 reuersoquc

42 3386 175 3446 Lr'ndeutr.
193 3409 348 3472 caereoque
369 3393 422 3448 VP
482 3399 514 3446 17
532 3391 771 3462 perpetrabantur
790 3389 816 3444 G
833 3388 1038 3466 perpetrabant

44 3453 114 3513 l'Pbo
180 3465 212 3515 18
238 3461 372 3531 siqursG
398 3461 422 3514 si
442 3461 531 3516 VPboe
598 3466 632 3514 24
657 3459 748 3514 fertur
764 3457 848 3512 fuisse
868 3471 960 3510 uirum
987 3456 1037 3524 hya

42 3527 67 3575 '25
81 3523 215 3583 incusaret
231 3529 292 3598 [lac.
311 3533 347 3585 12
364 3530 434 3650 lurp
451 3529 560 3583 certum
581 3527 633 3582 VP
654 3529 715 3582 stae
732 3528 782 3584 lac.
801 3527 852 3604 hya
921 3529 954 3576 26
973 3530 1037 3590 post

43 3590 163 3649 incertmn
186 3596 308 3652 diutinae*
375 3615 414 3653 un
435 3613 450 3651 e
473 3597 573 3665 scripsi
593 3597 734 3651 insontem
755 3595 881 3650 Valeseas
899 3591 1037 3646 undenso·

44 3659 91 3712 tarn
109 3659 133 3714 V
199 3671 231 3720 29
249 3665 413 3720 retulissent
431 3666 460 3720 et
477 3665 585 3720 fectum
606 3663 633 3718 V
