2430 3928
138 179 180 244 92
232 216 235 222 .
377 211 380 216 -
534 173 599 228 xv1
619 179 658 241 10,
678 179 763 229 8—16

139 321 222 387 texti
236 317 472 386 circumdedere
491 317 645 382 dracones
669 316 838 382 hastarum
853 314 960 381 aureis
975 313 1149 398 gemmatis-

140 435 201 496 que
229 408 472 476 summitatibus
501 407 643 491 inligati‚
669 405 763 471 hiatu
790 409 885 470 nasto
912 403 1095 488 perflabiles
1121 407 1149 467 et

139 501 211 581 ideo
244 500 335 566 uelut
366 499 417 563 ira
447 497 565 582 perciti
596 495 766 583 sibilantes
800 495 1037 577 caudarumque
1069 492 1149 557 uolu-

139 591 228 655 mina
240 589 459 672 relinquentes
474 587 509 650 in
523 589 666 650 uentum.
695 585 724 652 8.
749 588 783 650 et
805 583 975 650 incedebat
994 581 1149 648 hincinde

140 679 219 744 ordo
254 677 402 763 geminus
427 679 636 742 'armatorum
669 675 827 760 clipeatus
868 677 964 758 atque
1005 672 1171 737 cristatusr

71 799 72 802 ¹
140 789 272 833 corusco
297 767 420 832 lumine
442 766 584 849 radians,
606 764 719 830 nitidis
742 763 854 829 loricis
878 762 1019 845 indutus,
1043 759 1152 845 sparsi-

141 880 202 942 que
235 855 437 940 cataphracti
469 854 608 938 equites,
645 875 726 939 qnos
764 853 960 934 clibanarios
999 850 1153 933 dictitant,

142 947 336 1030 [personati]
361 945 531 1010 thoracum
550 943 669 1008 muniti
692 942 891 1028 tegminibus
910 945 943 1006 et
964 939 1078 1006 limbis
1100 939 1153 1004 fer·

140 1037 205 1100 reis
230 1035 337 1118 cincti,
360 1038 398 1098 ut
415 1033 591 1099 Praxitelis
614 1055 714 1098 manu
735 1033 840 1117 polita
863 1031 1008 1096 crederes
1032 1030 1154 1094 simula-

141 1147 204 1208 cra,
227 1147 294 1189 uon
315 1124 417 1188 uiros:
447 1145 528 1207 quos
556 1122 787 1188 lamminarum
811 1121 923 1186 circuli
950 1124 1064 1185 tennes
1093 1119 1183 1204 aptio

141 1214 286 1298 corporis
301 1212 438 1278 flexibus
454 1212 643 1284 ambiebant
665 1235 724 1296 per
746 1211 855 1276 omnia
878 1210 1025 1275 membra
1039 1208 1155 1274 diducti

141 1307 194 1386 ut,
223 1323 422 1388 quocumque
447 1306 535 1366 artus
558 1303 734 1368 necessitas
758 1301 1001 1384 commonisset,
1023 1297 1154 1364 uestitus

142 1396 336 1476 congrueret
362 1393 513 1456 iunctura
540 1389 751 1456 cohaerenter
775 1394 896 1475 aptata
933 1390 963 1455 9.
992 1389 1154 1474 Augustus
1185 1413 1188 1420 ·

141 1483 252 1566 itaque
271 1481 387 1546 faustis
411 1480 546 1546 uocibus
571 1481 753 1564 appellatus
776 1481 904 1545 minime
926 1500 1045 1545 uocum
1068 1477 1156 1542 lituo·

141 1593 276 1655 rumque
299 1571 470 1635 intonante
493 1569 625 1654 fragore
648 1569 825 1654 cohorruit,
847 1569 949 1634 talem
972 1590 1006 1633 se
1030 1571 1155 1652 tamque
1168 1585 1185 1626 u

142 1659 353 1743 immobilem,
377 1659 483 1743 qualis
507 1659 542 1723 in
564 1659 742 1744 prouinciis
766 1660 833 1724 suis
856 1658 1034 1744 uisebatnr,
1057 1660 1157 1722 osten-

142 1748 229 1812 dens.
255 1749 304 1812 10.
323 1752 448 1813 namet
464 1769 581 1831 corpus
604 1749 787 1832 perhumile
802 1748 963 1832 curnabatv
980 1750 1095 1832 portas
1117 1747 1157 1810 in·

142 1837 291 1922 grediens
307 1837 418 1920 celsas,
442 1841 475 1902 et
498 1837 589 1902 uelut
603 1838 687 1903 collo
703 1838 828 1903 munito
843 1841 967 1902 rectam
990 1836 1095 1902 aciem
1117 1835 1158 1899 ln-

141 1927 265 1991 minum
288 1928 421 1991 tendens
445 1949 504 1991 nec
525 1926 638 1992 dextra
660 1927 788 1992 nultum
811 1949 870 1992 nec
893 1928 987 1992 laeua
1010 1926 1158 1990 flectebat

141 2021 309 2100 tamquam
331 2015 525 2100 figmentum
547 2016 704 2081 hominis:
731 2039 799 2082 non
822 2039 894 2081 cum
916 2020 992 2082 rota
1014 2020 1187 2080 concutea

141 2111 194 2169 ret
216 2109 344 2188 nutans,
367 2127 427 2170 nec
450 2127 567 2190 spuens
592 2109 648 2170 ant
672 2129 707 2171 os
732 2110 788 2172 aut
810 2129 927 2170 nasum
954 2110 1087 2190 tergens
1110 2103 1157 2170 nel

142 2195 271 2278 trienne,
295 2217 467 2260 manumue
492 2195 621 2279 agitans
636 2195 725 2260 uisus
750 2200 799 2261 est
821 2217 985 2280 nmquam.
1010 2196 1061 2260 11.
1082 2216 1158 2280 quae
1199 2243 1200 2250 2

142 2283 219 2362 licet
243 2283 436 2367 adfectabat,
461 2287 553 2349 erant
576 2288 688 2350 tamen
710 2285 790 2350 haec
813 2289 846 2351 et
870 2285 935 2350 elia
950 2283 1159 2369 quaedamin

144 2375 294 2438 citeriore
317 2374 388 2438 uita
409 2374 589 2458 patientiae
612 2396 679 2438 non
692 2375 864 2440 mediocris
888 2375 1017 2459 indicia,
1040 2379 1078 2440 ut
1101 2373 1160 2438 exi-

142 2463 271 2527 stimari
285 2464 433 2546 dabatur,
451 2464 508 2528 uni
527 2463 578 2527 illi
598 2485 777 2530 concessae.
802 2465 852 2528 12.
876 2465 962 2548 qnod
976 2469 1088 2528 autem
1105 2485 1158 2547 per
1170 2483 1190 2523 a

144 2571 238 2615 omne
261 2555 389 2634 tempus
413 2552 542 2637 imperii
556 2575 616 2616 nec
638 2553 673 2617 in
697 2575 883 2618 consessum
896 2553 1042 2618 uehiculi
1056 2574 1159 2638 quern·

142 2661 239 2722 qnam
254 2641 404 2724 suscepit,
426 2662 486 2705 nec
508 2641 544 2704 in
557 2641 670 2706 trabea
689 2643 813 2707 socium
835 2643 1000 2726 priuatum
1015 2642 1160 2723 adsciuit,

140 2733 178 2792 nt
201 2729 304 2794 fecere
332 2729 494 2812 principes
518 2731 707 2816 consecrati,
736 2737 768 2797 et
794 2731 916 2797 similia
943 2733 1057 2816 multa,
1086 2751 1160 2815 quoe

142 2818 245 2883 elatus
270 2818 305 2882 in
319 2818 454 2882 arduum
478 2819 686 2902 supercilium
709 2825 876 2906 tamquam
899 2822 989 2906 leges
1010 2822 1160 2907 aequissi-

142 2929 211 2973 mas
235 2907 433 2991 obseruauit,
456 2913 624 2992 praetereo
640 2931 764 2975 memor
787 2933 826 2976 ea
839 2933 890 2976 me
905 2911 1075 2976 rettulisse
1090 2932 1160 2976 cum
1171 2929 1192 2971 a

140 2997 339 3062 incidissent.
628 3053 650 3090 ·

232 3086 282 3150 13.
297 3086 437 3151 Proinde
451 3087 590 3154 Romam
604 3090 771 3174 ingressus
786 3089 916 3174 imperii
937 3090 1160 3174 uirtutumque

208 3311 224 3358 8
250 3305 395 3383 personati
424 3304 476 3360 VP
503 3307 583 3360 urreis
608 3307 711 3361 inclusi
737 3310 910 3378 personatim
937 3310 970 3364 ba
1003 3309 1107 3364 Persae
1136 3308 1161 3361 G

138 3372 313 3442 tegminibus
328 3373 353 3427 G
371 3372 465 3443 legem
483 3374 617 3428 inibimus
639 3374 691 3428 VP
725 3377 775 3430 *11
795 3377 915 3432 flexibus
936 3378 962 3432 G·
977 3377 1089 3432 lexibus
1110 3376 1163 3430 VP

140 3447 172 3494 14
190 3440 305 3519 appella
317 3441 377 3521 [loc.
391 3448 421 3494 12
435 3442 507 3564 littq,
520 3442 609 3496 otium
625 3441 678 3521 VR
695 3444 854 3512 appellatus
867 3449 911 3514 (-
923 3445 978 3500 lari
995 3447 1040 3514 ba)
1057 3461 1160 3500 uocum

140 3509 192 3587 bqa
210 3525 326 3563 mmrme
344 3515 463 3563 euseruct
508 3526 599 3580 cupere
659 3510 851 3582 htuornmque
871 3515 896 3569 G
914 3515 1086 3584 litorumque
1109 3512 1161 3566 VP

138 3575 329 3700 {rectorumqqe
346 3578 487 3700 νὸανΡὲο
504 3594 561 3632 non
582 3577 636 3632 GA
653 3595 719 3633 nam
741 3579 808 3637 VPb
870 3589 902 3638 ‘26
921 3599 1087 3638 consensum
1108 3581 1162 3636 VP

190 3661 263 3712 quae
327 3661 375 3700 ora.
466 3663 484 3701 a
