2430 3928
150 191 193 257 74
520 184 571 239 XV
591 191 630 252 11,
651 190 759 252 17-13,
778 190 793 237 2

150 334 242 418 aquis
280 331 433 395 miscetur
466 329 606 393 externis
644 329 700 392 sed
737 327 928 392 altrinsecus
966 326 1166 392 summitates

150 424 253 488 undae
276 419 519 504 praeterlabens
550 417 711 502 segnioris
736 417 920 501 quaeritans
949 416 1054 480 exitus
1082 417 1167 481 uiam

150 512 216 576 sibi
230 512 352 594 impetu
367 508 474 573 ueloci
487 508 630 572 molitur.
669 507 720 570 17.
733 506 816 570 unde
832 506 900 569 sine
919 505 1043 569 iactura
1061 529 1168 571 rerum

150 624 208 685 per
223 598 419 683 Sapaudiam
441 597 544 662 fertur
558 601 590 660 11
605 595 770 680 Sequanos
794 596 954 678 longeque
977 614 1166 678 progressus

150 690 369 754 Viennensem
391 687 493 752 latere
516 687 649 751 sinistro
672 685 878 768 perstringit,
906 685 1018 748 dextm
1041 684 1189 768 Lugdu-³³

150 801 284 844 nensem
306 780 338 841 et
360 798 507 841 emensus
531 775 638 859 spatia
661 775 803 839 flexuosa
817 773 958 856 Ararim,
982 773 1168 857 1111111811-

150 889 288 932 connam
312 867 488 950 appellant,
513 865 611 945 [iuter
627 863 834 928 Germaniam
848 863 987 946 primam
1001 863 1165 944 fluentem]

152 957 302 1022 suumin
324 977 444 1019 nomen
467 953 626 1036 adsciscit,
652 953 708 1037 qui
731 953 820 1016 locus
840 952 1007 1017 exordium
1030 956 1079 1017 est
1093 952 1167 1017 Gal-

151 1047 279 1111 liarum.
325 1044 501 1126 exindeque
530 1065 597 1107 non
624 1042 766 1106 millenis
796 1041 946 1124 passibus
977 1041 1033 1106 sed
1062 1043 1166 1127 leugis

149 1136 268 1198 itinera
281 1133 466 1197 metiuntur.
492 1133 542 1198 18.
552 1133 627 1196 hinc
637 1131 812 1195 Rhodanus
828 1131 919 1214 aquis
935 1130 1067 1195 aduenis
1082 1132 1168 1196 locu·
1182 1149 1198 1184 a

150 1224 271 1307 pletior
302 1222 394 1286 uehit
426 1221 659 1306 grandissimas
691 1242 808 1302 naues,
839 1223 1011 1284 uentorum
1042 1221 1168 1286 difflatu

150 1312 266 1376 iactari
290 1311 416 1394 saepius
445 1311 593 1374 adsuetas
621 1309 786 1394 finitisque
813 1309 1006 1393 interuallis,
1034 1313 1167 1394 quaesi

153 1405 270 1465 natura
292 1400 510 1484 praescripsit,
535 1421 685 1482 spumeus
700 1397 827 1463 Gallico
851 1399 936 1463 mari
959 1421 1168 1482 concorpora-

149 1494 204 1554 tur
226 1512 284 1573 per
306 1490 455 1573 patulum
478 1490 593 1572 sinum,
618 1491 844 1572 quem‘uooant
865 1487 923 1551 Ad
946 1489 1103 1571 gradus,
1127 1491 1166 1553 ab

151 1579 285 1644 Arelate
314 1582 428 1642 octauo
458 1578 580 1642 decimo
609 1577 708 1641 ferme
736 1577 842 1660 lapide
871 1577 1079 1660 disparatum.
1125 1580 1168 1642 sit
1182 1591 1198 1629 1³

151 1668 232 1732 satis
261 1668 299 1730 de
328 1667 392 1730 situ
421 1668 575 1732 locorum.
619 1688 704 1730 nunc
731 1666 852 1750 figuras
875 1669 909 1729 et
931 1688 1037 1730 mores
1066 1667 1167 1732 homi-

149 1777 229 1819 num
252 1756 439 1838 designabo.

244 1841 300 1908 12.
319 1846 345 1906 1.
357 1841 511 1909 Celsioris
526 1848 669 1909 staturae
684 1847 717 1908 11
731 1843 858 1920 candidi
871 1866 974 1926 paene
989 1844 1080 1909 Galli
1095 1851 1168 1910 sunt

152 1955 263 1997 omnes
288 1936 320 1995 et
341 1933 434 1996 rutili
456 1934 678 2016 luminumque
701 1933 856 1996 toruitate
879 1934 1054 2018 terribiles,
1082 1936 1168 1999 auidi

151 2022 332 2106 iurgiorum
365 2026 398 2085 11
429 2022 589 2086 sublatius
622 2022 808 2086 insolentes.
853 2044 912 2086 nec
941 2023 1028 2087 euim
1058 2047 1168 2089 eorum
1181 2039 1200 2076 s

150 2132 345 2194 quemquam
368 2111 515 2176 adhibita
536 2134 635 2176 uxore
658 2111 827 2194 rixantem,
851 2112 954 2176 multo
977 2112 1114 2178 fortiore
1137 2119 1169 2176 et

151 2199 275 2283 glauca,
298 2200 544 2283 peregrinorum
558 2201 642 2266 ferre
656 2200 776 2284 poterit
793 2201 921 2285 globus,
943 2205 1013 2266 tum
1027 2203 1167 2266 maxime

151 2311 223 2364 cunr
237 2289 295 2353 illa
310 2289 422 2354 inflata
437 2291 560 2355 ceruice
579 2290 777 2355 suffrendens
796 2291 1042 2376 ponderansque
1056 2292 1168 2356 niueas

150 2379 243 2443 ulnas
277 2381 309 2442 et
340 2383 450 2444 uastas
483 2379 634 2444 admixtis
669 2378 810 2442 calcibus
843 2380 992 2444 emittere
1026 2382 1169 2464 coeperit

149 2487 276 2550 pugnos
293 2470 330 2530 ut
348 2469 528 2550 catapultas
548 2468 714 2533 tortilibus
729 2467 837 2531 neruis
858 2491 1017 2534 excussas.
1056 2471 1085 2534 2.
1105 2492 1202 2533 1111-11

148 2556 286 2618 tuendae
306 2576 400 2619 uoces
425 2559 627 2640 conplurium
642 2561 674 2620 et
687 2557 828 2620 minaces
852 2559 1054 2641 placatorum
1077 2559 1168 2623 iuxta

150 2647 183 2706 et
210 2643 427 2728 irascentium,
454 2647 534 2710 tersi
561 2650 672 2710 tamen
698 2646 771 2728 pari
798 2647 970 2731 diligentia
998 2648 1106 2712 cuncti
1137 2652 1168 2710 et

149 2731 269 2814 mundi,
296 2753 355 2794 uec
382 2733 416 2798 in
442 2735 600 2799 tractibus
629 2735 696 2799 illis
725 2735 927 2820 maximeque
955 2737 1041 2820 apud
1068 2737 1167 2822 Aqui-

147 2823 243 2884 tanos
266 2821 388 2903 poterit
411 2823 529 2906 aliquis
552 2825 656 2888 uideri
683 2825 737 2888 uel
764 2823 886 2890 femina
908 2827 985 2890 licet
1011 2849 1167 2911 perquam

147 2931 270 2993 pauper
293 2912 330 2973 ut
353 2910 433 2976 alibi
455 2912 567 2977 frustis
583 2914 730 2998 squalere
749 2935 938 2996 pannorum.
975 2916 1004 2979 3.
1024 2917 1066 2980 ad
1085 2916 1167 2979 mili·
1181 2940 1202 2979 a

147 2999 282 3062 tandum
305 3001 409 3064 omnis
434 3005 522 3066 aetas
548 3003 715 3086 aptissima
738 3006 771 3066 et
792 3004 865 3086 pari
887 3005 1027 3088 pectoris
1052 3007 1167 3070 robore

185 3241 188 3248 Ι
218 3172 254 3225 *2
282 3173 424 3240 segniores
456 3174 483 3227 V
506 3191 556 3230 oro.
587 3177 647 3246 qu
721 3177 902 3245 *quaeritans
929 3179 980 3248 bpa
1007 3179 1115 3233 eritsns
1142 3179 1167 3232 P

153 3240 256 3318 ertans
277 3239 304 3293 V
369 3247 386 3294 4
404 3241 575 3310 Sapaudiam
595 3245 721 3300 Valesius
737 3259 827 3313 pensa
847 3245 984 3325 paudium
1008 3246 1061 3301 VP
1082 3247 1168 3302 densa

149 3307 297 3376 paludrum
318 3307 369 3376 bpu
437 3309 722 3367 linter—fluentem
745 3315 827 3368 aucis
848 3314 951 3368 seclusi
1025 3316 1096 3370 8in
1116 3314 1167 3369 Gr

148 3375 178 3429 et
198 3375 266 3430 VPb
324 3378 536 3433 rohsn..
558 3381 699 3434 rhodanus
720 3380 772 3437 VP
789 3381 839 3435 ubi
858 3383 956 3436 auctus
973 3382 1118 3437 rhodanus
1136 3383 1167 3436 oa

150 3443 262 3512 (auctus
279 3461 330 3499 om.
350 3444 387 3512 G)
457 3451 490 3500 18
509 3447 621 3501 candidi
637 3448 681 3501 Pb
700 3465 718 3501 o
742 3450 824 3504 candi
846 3449 872 3503 V
938 3451 1071 3505 14111111
1089 3451 1167 3521 Pbpu

149 3511 230 3565 uinas
251 3512 278 3564 V
327 3512 450 3582 calcibus
467 3515 496 3566 A
522 3516 558 3568 ad
576 3515 653 3568 cibus
698 3517 727 3568 P
744 3519 780 3571 ad
799 3517 876 3572 cibos
895 3519 930 3587 bq
981 3525 1014 3574 28
1032 3519 1166 3573 tractibus

152 3577 204 3632 VP
266 3597 341 3652 aqua
364 3581 426 3648 [lae.
452 3585 483 3634 12
501 3583 563 3652 aa]
609 3581 696 3636 eterit
720 3584 748 3637 V
806 3591 839 3639 29
857 3586 947 3654 aliqui
968 3601 1111 3655 asproscr.
1133 3585 1166 3639 V²

148 3660 199 3698 om.
213 3645 392 3715 Galiquidb
426 3648 567 3703 astruatis
630 3649 735 3706 frustra
757 3651 841 3706 VPbs
