<?xml version="1.0" encoding="UTF-8"?>
<!DOCTYPE html PUBLIC "-//W3C//DTD XHTML 1.0 Transitional//EN"
    "http://www.w3.org/TR/xhtml1/DTD/xhtml1-transitional.dtd">
<html xmlns="http://www.w3.org/1999/xhtml" xml:lang="en" lang="en">
 <head>
  <title>
</title>
<meta http-equiv="Content-Type" content="text/html;charset=utf-8" />
  <meta name='ocr-system' content='tesseract 3.04.00' />
  <meta name='ocr-capabilities' content='ocr_page ocr_carea ocr_par ocr_line ocrx_word'/>
</head>
<body>
  <div class='ocr_page' id='page_1' title='image "ammianimarcelli01marcgoog_0142.png"; bbox 0 0 2430 3928; ppageno 0'>
   <div class='ocr_carea' id='block_1_1' title="bbox 237 197 1032 268">
    <p class='ocr_par' dir='ltr' id='par_1_1' title="bbox 237 197 1032 268">
     <span class='ocr_line' id='line_1_1' title="bbox 237 197 1032 268; baseline 0.019 -14"><span class='ocrx_word' id='word_1_1' title='bbox 237 197 488 257; x_wconf 80' lang='lat' dir='ltr'>OONSTAN&#39;PIVS</span> <span class='ocrx_word' id='word_1_2' title='bbox 506 201 553 254; x_wconf 78' lang='grc' dir='ltr'>ΕΤ</span> <span class='ocrx_word' id='word_1_3' title='bbox 571 199 746 256; x_wconf 81' lang='lat' dir='ltr'>IVLIANVS</span> <span class='ocrx_word' id='word_1_4' title='bbox 764 208 814 258; x_wconf 77' lang='grc'>357</span> <span class='ocrx_word' id='word_1_5' title='bbox 971 203 1032 268; x_wconf 86' lang='grc'>109</span> 
     </span>
    </p>
   </div>
   <div class='ocr_carea' id='block_1_2' title="bbox 42 335 1136 695">
    <p class='ocr_par' dir='ltr' id='par_1_2' title="bbox 42 335 1136 695">
     <span class='ocr_line' id='line_1_2' title="bbox 44 335 1136 430; baseline 0.004 -24"><span class='ocrx_word' id='word_1_6' title='bbox 44 342 163 406; x_wconf 87' lang='lat' dir='ltr'>santium</span> <span class='ocrx_word' id='word_1_7' title='bbox 184 343 284 408; x_wconf 90' lang='lat' dir='ltr'>moles</span> <span class='ocrx_word' id='word_1_8' title='bbox 300 345 479 430; x_wconf 72' lang='lat' dir='ltr'>obliquatis</span> <span class='ocrx_word' id='word_1_9' title='bbox 490 341 656 410; x_wconf 52' lang='lat' dir='ltr'>‘meatibus</span> <span class='ocrx_word' id='word_1_10' title='bbox 670 345 871 410; x_wconf 77' lang='lat' dir='ltr'>declinantes</span> <span class='ocrx_word' id='word_1_11' title='bbox 887 345 927 410; x_wconf 88' lang='lat' dir='ltr'>ad</span> <span class='ocrx_word' id='word_1_12' title='bbox 942 346 1032 429; x_wconf 82' lang='lat' dir='ltr'>ripas</span> <span class='ocrx_word' id='word_1_13' title='bbox 1132 335 1136 346; x_wconf 65' lang='grc'><strong><em>’</em></strong></span> 
     </span>
     <span class='ocr_line' id='line_1_3' title="bbox 42 431 1031 519; baseline 0.002 -23"><span class='ocrx_word' id='word_1_14' title='bbox 42 431 188 496; x_wconf 70' lang='lat' dir='ltr'>ulteriores</span> <span class='ocrx_word' id='word_1_15' title='bbox 209 437 285 516; x_wconf 90' lang='lat' dir='ltr'>post</span> <span class='ocrx_word' id='word_1_16' title='bbox 310 435 416 500; x_wconf 89' lang='lat' dir='ltr'>multa</span> <span class='ocrx_word' id='word_1_17' title='bbox 438 433 627 498; x_wconf 88' lang='lat' dir='ltr'>discrimina</span> <span class='ocrx_word' id='word_1_18' title='bbox 653 434 832 518; x_wconf 86' lang='lat' dir='ltr'>peruenire.</span> <span class='ocrx_word' id='word_1_19' title='bbox 878 456 1031 519; x_wconf 88' lang='lat' dir='ltr'>spumans</span> 
     </span>
     <span class='ocr_line' id='line_1_4' title="bbox 43 521 1033 604; baseline 0.004 -20"><span class='ocrx_word' id='word_1_20' title='bbox 43 521 157 604; x_wconf 84' lang='lat' dir='ltr'>denique</span> <span class='ocrx_word' id='word_1_21' title='bbox 182 543 305 604; x_wconf 24' lang='lat' dir='ltr'>cruore,</span> <span class='ocrx_word' id='word_1_22' title='bbox 320 523 492 590; x_wconf 88' lang='lat' dir='ltr'>barbarico</span> <span class='ocrx_word' id='word_1_23' title='bbox 516 523 646 588; x_wconf 88' lang='lat' dir='ltr'>decolor</span> <span class='ocrx_word' id='word_1_24' title='bbox 674 523 786 588; x_wconf 89' lang='lat' dir='ltr'>alueus</span> <span class='ocrx_word' id='word_1_25' title='bbox 815 523 944 588; x_wconf 85' lang='lat' dir='ltr'>insueta</span> <span class='ocrx_word' id='word_1_26' title='bbox 968 527 1033 588; x_wconf 91' lang='lat' dir='ltr'>stu-</span> 
     </span>
     <span class='ocr_line' id='line_1_5' title="bbox 42 609 799 695; baseline 0.008 -21"><span class='ocrx_word' id='word_1_27' title='bbox 42 609 122 692; x_wconf 87' lang='lat' dir='ltr'>pebat</span> <span class='ocrx_word' id='word_1_28' title='bbox 142 616 322 695; x_wconf 84' lang='lat' dir='ltr'>augmenta.</span> <span class='ocrx_word' id='word_1_29' title='bbox 798 639 799 642; x_wconf 44' lang='lat'>¹</span> 
     </span>
    </p>
   </div>
   <div class='ocr_carea' id='block_1_3' title="bbox 21 698 1034 786">
    <p class='ocr_par' dir='ltr' id='par_1_3' title="bbox 21 698 1034 786">
     <span class='ocr_line' id='line_1_6' title="bbox 21 698 1034 786; baseline 0.004 -24"><span class='ocrx_word' id='word_1_30' title='bbox 21 725 31 762; x_wconf 79' lang='lat' dir='ltr'>s</span> <span class='ocrx_word' id='word_1_31' title='bbox 110 698 159 764; x_wconf 80' lang='lat'>58.</span> <span class='ocrx_word' id='word_1_32' title='bbox 171 699 258 764; x_wconf 91' lang='lat' dir='ltr'>Dum</span> <span class='ocrx_word' id='word_1_33' title='bbox 270 700 350 768; x_wconf 87' lang='lat' dir='ltr'>haec</span> <span class='ocrx_word' id='word_1_34' title='bbox 372 707 517 786; x_wconf 70' lang='lat' dir='ltr'>squulla,</span> <span class='ocrx_word' id='word_1_35' title='bbox 540 723 597 766; x_wconf 87' lang='lat' dir='ltr'>rex</span> <span class='ocrx_word' id='word_1_36' title='bbox 611 700 889 767; x_wconf 76' lang='lat' dir='ltr'>Chonodomarius</span> <span class='ocrx_word' id='word_1_37' title='bbox 904 707 1034 786; x_wconf 87' lang='lat' dir='ltr'>reperta</span> 
     </span>
    </p>
   </div>
   <div class='ocr_carea' id='block_1_4' title="bbox 18 788 1074 3178">
    <p class='ocr_par' dir='ltr' id='par_1_4' title="bbox 18 788 1074 3178">
     <span class='ocr_line' id='line_1_7' title="bbox 42 788 1033 876; baseline 0.005 -25"><span class='ocrx_word' id='word_1_38' title='bbox 42 788 117 871; x_wconf 88' lang='lat' dir='ltr'>eopia</span> <span class='ocrx_word' id='word_1_39' title='bbox 136 789 317 856; x_wconf 86' lang='lat' dir='ltr'>discedendi</span> <span class='ocrx_word' id='word_1_40' title='bbox 339 791 449 876; x_wconf 90' lang='lat' dir='ltr'>lapsus</span> <span class='ocrx_word' id='word_1_41' title='bbox 472 813 530 876; x_wconf 89' lang='lat' dir='ltr'>per</span> <span class='ocrx_word' id='word_1_42' title='bbox 552 791 703 856; x_wconf 83' lang='lat' dir='ltr'>funerum</span> <span class='ocrx_word' id='word_1_43' title='bbox 726 795 832 856; x_wconf 88' lang='lat' dir='ltr'>strues</span> <span class='ocrx_word' id='word_1_44' title='bbox 850 813 923 856; x_wconf 91' lang='lat' dir='ltr'>cum</span> <span class='ocrx_word' id='word_1_45' title='bbox 937 791 1033 856; x_wconf 90' lang='lat' dir='ltr'>satel-</span> 
     </span>
     <span class='ocr_line' id='line_1_8' title="bbox 41 877 1033 965; baseline 0.004 -25"><span class='ocrx_word' id='word_1_46' title='bbox 41 877 133 942; x_wconf 84' lang='lat' dir='ltr'>litibus</span> <span class='ocrx_word' id='word_1_47' title='bbox 157 879 270 962; x_wconf 89' lang='lat' dir='ltr'>paucis</span> <span class='ocrx_word' id='word_1_48' title='bbox 299 880 466 946; x_wconf 88' lang='lat' dir='ltr'>celeritate</span> <span class='ocrx_word' id='word_1_49' title='bbox 489 879 604 964; x_wconf 90' lang='lat' dir='ltr'>rapida</span> <span class='ocrx_word' id='word_1_50' title='bbox 626 881 824 965; x_wconf 86' lang='lat' dir='ltr'>properabat</span> <span class='ocrx_word' id='word_1_51' title='bbox 848 879 888 944; x_wconf 86' lang='lat' dir='ltr'>ad</span> <span class='ocrx_word' id='word_1_52' title='bbox 916 884 1033 962; x_wconf 86' lang='lat' dir='ltr'>castra,</span> 
     </span>
     <span class='ocr_line' id='line_1_9' title="bbox 42 967 1033 1051; baseline 0.004 -21"><span class='ocrx_word' id='word_1_53' title='bbox 42 988 107 1050; x_wconf 86' lang='lat' dir='ltr'>quae</span> <span class='ocrx_word' id='word_1_54' title='bbox 125 989 223 1051; x_wconf 89' lang='lat' dir='ltr'>prope</span> <span class='ocrx_word' id='word_1_55' title='bbox 247 967 428 1035; x_wconf 79' lang='lat' dir='ltr'>Tribuncos</span> <span class='ocrx_word' id='word_1_56' title='bbox 453 973 487 1034; x_wconf 91' lang='lat' dir='ltr'>et</span> <span class='ocrx_word' id='word_1_57' title='bbox 510 967 724 1035; x_wconf 78' lang='lat' dir='ltr'>Concordiam</span> <span class='ocrx_word' id='word_1_58' title='bbox 747 969 948 1035; x_wconf 89' lang='lat' dir='ltr'>munimenta</span> <span class='ocrx_word' id='word_1_59' title='bbox 970 967 1033 1034; x_wconf 88' lang='lat' dir='ltr'>Ro-</span> 
     </span>
     <span class='ocr_line' id='line_1_10' title="bbox 42 1056 1035 1143; baseline 0.003 -24"><span class='ocrx_word' id='word_1_60' title='bbox 42 1077 117 1120; x_wconf 87' lang='lat' dir='ltr'>mam</span> <span class='ocrx_word' id='word_1_61' title='bbox 137 1056 208 1122; x_wconf 84' lang='lat' dir='ltr'>fixit</span> <span class='ocrx_word' id='word_1_62' title='bbox 230 1057 425 1143; x_wconf 91' lang='lat' dir='ltr'>intrepidus,</span> <span class='ocrx_word' id='word_1_63' title='bbox 448 1062 485 1124; x_wconf 91' lang='lat' dir='ltr'>ut</span> <span class='ocrx_word' id='word_1_64' title='bbox 509 1059 649 1124; x_wconf 85' lang='lat' dir='ltr'>escensis</span> <span class='ocrx_word' id='word_1_65' title='bbox 671 1059 813 1143; x_wconf 89' lang='lat' dir='ltr'>nauigiis</span> <span class='ocrx_word' id='word_1_66' title='bbox 837 1058 956 1123; x_wconf 91' lang='lat' dir='ltr'>dudum</span> <span class='ocrx_word' id='word_1_67' title='bbox 979 1081 1035 1142; x_wconf 87' lang='lat' dir='ltr'>pe-</span> 
     </span>
     <span class='ocr_line' id='line_1_11' title="bbox 18 1146 1034 1233; baseline 0.007 -26"><span class='ocrx_word' id='word_1_68' title='bbox 18 1146 105 1209; x_wconf 87' lang='lat' dir='ltr'>uratis</span> <span class='ocrx_word' id='word_1_69' title='bbox 125 1147 163 1210; x_wconf 91' lang='lat' dir='ltr'>ad</span> <span class='ocrx_word' id='word_1_70' title='bbox 185 1168 280 1212; x_wconf 85' lang='lat' dir='ltr'>casus</span> <span class='ocrx_word' id='word_1_71' title='bbox 304 1147 461 1233; x_wconf 87' lang='lat' dir='ltr'>ancipites</span> <span class='ocrx_word' id='word_1_72' title='bbox 486 1148 521 1212; x_wconf 91' lang='lat' dir='ltr'>in</span> <span class='ocrx_word' id='word_1_73' title='bbox 540 1149 673 1214; x_wconf 87' lang='lat' dir='ltr'>secretis</span> <span class='ocrx_word' id='word_1_74' title='bbox 686 1168 717 1214; x_wconf 83' lang='lat' dir='ltr'>se</span> <span class='ocrx_word' id='word_1_75' title='bbox 731 1147 911 1212; x_wconf 87' lang='lat' dir='ltr'>secessibus</span> <span class='ocrx_word' id='word_1_76' title='bbox 927 1169 1034 1214; x_wconf 89' lang='lat' dir='ltr'>amen·</span> 
     </span>
     <span class='ocr_line' id='line_1_12' title="bbox 42 1235 1035 1320; baseline 0.003 -23"><span class='ocrx_word' id='word_1_77' title='bbox 42 1235 120 1299; x_wconf 84' lang='lat' dir='ltr'>daret.</span> <span class='ocrx_word' id='word_1_78' title='bbox 141 1235 192 1300; x_wconf 82' lang='lat'>59.</span> <span class='ocrx_word' id='word_1_79' title='bbox 216 1240 250 1302; x_wconf 89' lang='lat' dir='ltr'>et</span> <span class='ocrx_word' id='word_1_80' title='bbox 271 1237 431 1320; x_wconf 90' lang='lat' dir='ltr'>quianon</span> <span class='ocrx_word' id='word_1_81' title='bbox 443 1237 508 1302; x_wconf 90' lang='lat' dir='ltr'>nisi</span> <span class='ocrx_word' id='word_1_82' title='bbox 522 1236 636 1303; x_wconf 88' lang='lat' dir='ltr'>Rheno</span> <span class='ocrx_word' id='word_1_83' title='bbox 655 1238 795 1303; x_wconf 89' lang='lat' dir='ltr'>transito</span> <span class='ocrx_word' id='word_1_84' title='bbox 811 1237 851 1302; x_wconf 92' lang='lat' dir='ltr'>ad</span> <span class='ocrx_word' id='word_1_85' title='bbox 869 1236 1035 1302; x_wconf 89' lang='lat' dir='ltr'>territoria</span> 
     </span>
     <span class='ocr_line' id='line_1_13' title="bbox 42 1326 1035 1412; baseline 0.003 -26"><span class='ocrx_word' id='word_1_86' title='bbox 42 1345 86 1386; x_wconf 86' lang='lat' dir='ltr'>sua</span> <span class='ocrx_word' id='word_1_87' title='bbox 95 1328 219 1406; x_wconf 89' lang='lat' dir='ltr'>poterat</span> <span class='ocrx_word' id='word_1_88' title='bbox 232 1327 413 1411; x_wconf 89' lang='lat' dir='ltr'>peruenire,</span> <span class='ocrx_word' id='word_1_89' title='bbox 435 1327 563 1392; x_wconf 88' lang='lat' dir='ltr'>uultum</span> <span class='ocrx_word' id='word_1_90' title='bbox 576 1349 617 1392; x_wconf 89' lang='lat' dir='ltr'>ne</span> <span class='ocrx_word' id='word_1_91' title='bbox 632 1330 863 1412; x_wconf 80' lang='lat' dir='ltr'>agnosceretur</span> <span class='ocrx_word' id='word_1_92' title='bbox 877 1326 1035 1409; x_wconf 89' lang='lat' dir='ltr'>operiens,</span> 
     </span>
     <span class='ocr_line' id='line_1_14' title="bbox 41 1413 1036 1500; baseline 0.002 -24"><span class='ocrx_word' id='word_1_93' title='bbox 41 1413 139 1478; x_wconf 82' lang='lat' dir='ltr'>sensim</span> <span class='ocrx_word' id='word_1_94' title='bbox 159 1414 277 1479; x_wconf 89' lang='lat' dir='ltr'>retulit</span> <span class='ocrx_word' id='word_1_95' title='bbox 298 1416 422 1499; x_wconf 89' lang='lat' dir='ltr'>pedem.</span> <span class='ocrx_word' id='word_1_96' title='bbox 451 1438 586 1500; x_wconf 87' lang='lat' dir='ltr'>cumque</span> <span class='ocrx_word' id='word_1_97' title='bbox 608 1416 843 1500; x_wconf 88' lang='lat' dir='ltr'>propinquaret</span> <span class='ocrx_word' id='word_1_98' title='bbox 865 1415 931 1479; x_wconf 90' lang='lat' dir='ltr'>iam</span> <span class='ocrx_word' id='word_1_99' title='bbox 945 1414 1036 1497; x_wconf 89' lang='lat' dir='ltr'>ripis,</span> 
     </span>
     <span class='ocr_line' id='line_1_15' title="bbox 40 1502 1035 1590; baseline 0.003 -27"><span class='ocrx_word' id='word_1_100' title='bbox 40 1502 166 1566; x_wconf 85' lang='lat' dir='ltr'>lacunam</span> <span class='ocrx_word' id='word_1_101' title='bbox 192 1504 396 1587; x_wconf 88' lang='lat' dir='ltr'>palustribus</span> <span class='ocrx_word' id='word_1_102' title='bbox 428 1506 521 1590; x_wconf 90' lang='lat' dir='ltr'>aquis</span> <span class='ocrx_word' id='word_1_103' title='bbox 544 1505 737 1571; x_wconf 82' lang='lat' dir='ltr'>interfusam</span> <span class='ocrx_word' id='word_1_104' title='bbox 765 1503 1035 1588; x_wconf 79' lang='lat' dir='ltr'>circumgrediens</span> 
     </span>
     <span class='ocr_line' id='line_1_16' title="bbox 18 1593 1036 1679; baseline 0.002 -25"><span class='ocrx_word' id='word_1_105' title='bbox 18 1595 67 1654; x_wconf 76' lang='lat' dir='ltr'>sut</span> <span class='ocrx_word' id='word_1_106' title='bbox 85 1593 245 1678; x_wconf 84' lang='lat' dir='ltr'>transiret,</span> <span class='ocrx_word' id='word_1_107' title='bbox 270 1593 395 1658; x_wconf 87' lang='lat' dir='ltr'>calcata</span> <span class='ocrx_word' id='word_1_108' title='bbox 417 1595 558 1660; x_wconf 90' lang='lat' dir='ltr'>mollitie</span> <span class='ocrx_word' id='word_1_109' title='bbox 581 1595 760 1679; x_wconf 84' lang='lat' dir='ltr'>glutinosa,</span> <span class='ocrx_word' id='word_1_110' title='bbox 784 1615 866 1677; x_wconf 89' lang='lat' dir='ltr'>equo</span> <span class='ocrx_word' id='word_1_111' title='bbox 891 1596 941 1656; x_wconf 88' lang='lat' dir='ltr'>est</span> <span class='ocrx_word' id='word_1_112' title='bbox 964 1613 1036 1657; x_wconf 89' lang='lat' dir='ltr'>euo-</span> 
     </span>
     <span class='ocr_line' id='line_1_17' title="bbox 40 1681 1036 1768; baseline 0.004 -26"><span class='ocrx_word' id='word_1_113' title='bbox 40 1681 110 1745; x_wconf 90' lang='lat' dir='ltr'>lutus</span> <span class='ocrx_word' id='word_1_114' title='bbox 131 1686 163 1746; x_wconf 90' lang='lat' dir='ltr'>et</span> <span class='ocrx_word' id='word_1_115' title='bbox 186 1681 362 1748; x_wconf 82' lang='lat' dir='ltr'>confestim</span> <span class='ocrx_word' id='word_1_116' title='bbox 384 1683 463 1749; x_wconf 90' lang='lat' dir='ltr'>licet</span> <span class='ocrx_word' id='word_1_117' title='bbox 476 1685 585 1750; x_wconf 90' lang='lat' dir='ltr'>obeso</span> <span class='ocrx_word' id='word_1_118' title='bbox 609 1705 742 1768; x_wconf 88' lang='lat' dir='ltr'>corpore</span> <span class='ocrx_word' id='word_1_119' title='bbox 757 1683 891 1766; x_wconf 89' lang='lat' dir='ltr'>grauior</span> <span class='ocrx_word' id='word_1_120' title='bbox 905 1682 945 1746; x_wconf 91' lang='lat' dir='ltr'>ad</span> <span class='ocrx_word' id='word_1_121' title='bbox 964 1682 1036 1746; x_wconf 86' lang='lat' dir='ltr'>sub·</span> 
     </span>
     <span class='ocr_line' id='line_1_18' title="bbox 41 1770 1036 1858; baseline 0.002 -26"><span class='ocrx_word' id='word_1_122' title='bbox 41 1770 137 1835; x_wconf 84' lang='lat' dir='ltr'>sidium</span> <span class='ocrx_word' id='word_1_123' title='bbox 158 1771 262 1836; x_wconf 89' lang='lat' dir='ltr'>uicini</span> <span class='ocrx_word' id='word_1_124' title='bbox 285 1772 378 1837; x_wconf 90' lang='lat' dir='ltr'>collis</span> <span class='ocrx_word' id='word_1_125' title='bbox 391 1774 517 1857; x_wconf 70' lang='lat' dir='ltr'>,euasit</span> <span class='ocrx_word' id='word_1_126' title='bbox 540 1795 636 1858; x_wconf 88' lang='lat' dir='ltr'>quem</span> <span class='ocrx_word' id='word_1_127' title='bbox 655 1776 803 1857; x_wconf 86' lang='lat' dir='ltr'>agnitum</span> <span class='ocrx_word' id='word_1_128' title='bbox 819 1809 861 1818; x_wconf 89' lang='lat'>—-</span> <span class='ocrx_word' id='word_1_129' title='bbox 876 1793 935 1836; x_wconf 91' lang='lat' dir='ltr'>nee</span> <span class='ocrx_word' id='word_1_130' title='bbox 950 1771 1036 1835; x_wconf 87' lang='lat' dir='ltr'>enim</span> 
     </span>
     <span class='ocr_line' id='line_1_19' title="bbox 40 1860 1036 1946; baseline 0.002 -24"><span class='ocrx_word' id='word_1_131' title='bbox 40 1861 126 1939; x_wconf 87' lang='lat' dir='ltr'>potuit</span> <span class='ocrx_word' id='word_1_132' title='bbox 148 1860 255 1926; x_wconf 86' lang='lat' dir='ltr'>celare</span> <span class='ocrx_word' id='word_1_133' title='bbox 280 1861 335 1945; x_wconf 86' lang='lat' dir='ltr'>qui</span> <span class='ocrx_word' id='word_1_134' title='bbox 357 1861 473 1946; x_wconf 83' lang='lat' dir='ltr'>fuerit,</span> <span class='ocrx_word' id='word_1_135' title='bbox 498 1862 648 1928; x_wconf 86' lang='lat' dir='ltr'>fortunae</span> <span class='ocrx_word' id='word_1_136' title='bbox 670 1863 789 1946; x_wconf 89' lang='lat' dir='ltr'>prioris</span> <span class='ocrx_word' id='word_1_137' title='bbox 812 1860 1036 1945; x_wconf 86' lang='lat' dir='ltr'>magnitudine</span> 
     </span>
     <span class='ocr_line' id='line_1_20' title="bbox 41 1949 1036 2028; baseline 0.003 -17"><span class='ocrx_word' id='word_1_138' title='bbox 41 1949 164 2028; x_wconf 88' lang='lat' dir='ltr'>proditus</span> <span class='ocrx_word' id='word_1_139' title='bbox 188 1987 233 1996; x_wconf 88' lang='lat'>--</span> <span class='ocrx_word' id='word_1_140' title='bbox 257 1950 373 2016; x_wconf 87' lang='lat' dir='ltr'>statim</span> <span class='ocrx_word' id='word_1_141' title='bbox 396 1951 514 2016; x_wconf 88' lang='lat' dir='ltr'>anhelo</span> <span class='ocrx_word' id='word_1_142' title='bbox 538 1974 632 2018; x_wconf 89' lang='lat' dir='ltr'>cursu</span> <span class='ocrx_word' id='word_1_143' title='bbox 660 1951 776 2016; x_wconf 88' lang='lat' dir='ltr'>cohors</span> <span class='ocrx_word' id='word_1_144' title='bbox 805 1973 877 2015; x_wconf 90' lang='lat' dir='ltr'>cum</span> <span class='ocrx_word' id='word_1_145' title='bbox 904 1950 1036 2014; x_wconf 90' lang='lat' dir='ltr'>tribuno</span> 
     </span>
     <span class='ocr_line' id='line_1_21' title="bbox 18 2039 1037 2126; baseline 0.003 -27"><span class='ocrx_word' id='word_1_146' title='bbox 18 2063 30 2098; x_wconf 68' lang='lat' dir='ltr'>a·</span> <span class='ocrx_word' id='word_1_147' title='bbox 41 2043 138 2121; x_wconf 76' lang='lat' dir='ltr'>secum,</span> <span class='ocrx_word' id='word_1_148' title='bbox 155 2040 258 2104; x_wconf 87' lang='lat' dir='ltr'>armis</span> <span class='ocrx_word' id='word_1_149' title='bbox 274 2040 511 2106; x_wconf 88' lang='lat' dir='ltr'>circumdatum</span> <span class='ocrx_word' id='word_1_150' title='bbox 522 2061 676 2126; x_wconf 86' lang='lat' dir='ltr'>aggerem</span> <span class='ocrx_word' id='word_1_151' title='bbox 690 2061 897 2105; x_wconf 88' lang='lat' dir='ltr'>nemorosum</span> <span class='ocrx_word' id='word_1_152' title='bbox 912 2039 1037 2104; x_wconf 89' lang='lat' dir='ltr'>cautius</span> 
     </span>
     <span class='ocr_line' id='line_1_22' title="bbox 41 2125 1038 2214; baseline 0.003 -26"><span class='ocrx_word' id='word_1_153' title='bbox 41 2125 203 2214; x_wconf 88' lang='lat' dir='ltr'>obsidebat,</span> <span class='ocrx_word' id='word_1_154' title='bbox 232 2149 441 2214; x_wconf 88' lang='lat' dir='ltr'>perrumpere</span> <span class='ocrx_word' id='word_1_155' title='bbox 464 2131 583 2214; x_wconf 89' lang='lat' dir='ltr'>uerita,</span> <span class='ocrx_word' id='word_1_156' title='bbox 610 2152 650 2195; x_wconf 88' lang='lat' dir='ltr'>ne</span> <span class='ocrx_word' id='word_1_157' title='bbox 677 2129 788 2194; x_wconf 80' lang='lat' dir='ltr'>fraude</span> <span class='ocrx_word' id='word_1_158' title='bbox 812 2128 929 2194; x_wconf 87' lang='lat' dir='ltr'>latenti</span> <span class='ocrx_word' id='word_1_159' title='bbox 953 2129 1038 2192; x_wconf 90' lang='lat' dir='ltr'>inter</span> 
     </span>
     <span class='ocr_line' id='line_1_23' title="bbox 40 2216 1038 2303; baseline 0.004 -27"><span class='ocrx_word' id='word_1_160' title='bbox 40 2238 184 2284; x_wconf 84' lang='lat' dir='ltr'>ramorum</span> <span class='ocrx_word' id='word_1_161' title='bbox 197 2218 354 2284; x_wconf 90' lang='lat' dir='ltr'>tenebras</span> <span class='ocrx_word' id='word_1_162' title='bbox 369 2220 572 2303; x_wconf 84' lang='lat' dir='ltr'>exciperetur</span> <span class='ocrx_word' id='word_1_163' title='bbox 587 2220 740 2286; x_wconf 87' lang='lat' dir='ltr'>occultas.</span> <span class='ocrx_word' id='word_1_164' title='bbox 759 2219 811 2284; x_wconf 88' lang='lat'>60.</span> <span class='ocrx_word' id='word_1_165' title='bbox 826 2219 943 2302; x_wconf 90' lang='lat' dir='ltr'>quibus</span> <span class='ocrx_word' id='word_1_166' title='bbox 958 2216 1038 2281; x_wconf 92' lang='lat' dir='ltr'>uisis</span> 
     </span>
     <span class='ocr_line' id='line_1_24' title="bbox 40 2306 1074 2390; baseline 0.002 -24"><span class='ocrx_word' id='word_1_167' title='bbox 40 2307 192 2390; x_wconf 86' lang='lat' dir='ltr'>conpulsus</span> <span class='ocrx_word' id='word_1_168' title='bbox 208 2307 251 2372; x_wconf 89' lang='lat' dir='ltr'>ad</span> <span class='ocrx_word' id='word_1_169' title='bbox 269 2306 404 2373; x_wconf 87' lang='lat' dir='ltr'>ultimos</span> <span class='ocrx_word' id='word_1_170' title='bbox 428 2316 533 2375; x_wconf 90' lang='lat' dir='ltr'>metus</span> <span class='ocrx_word' id='word_1_171' title='bbox 548 2310 637 2374; x_wconf 90' lang='lat' dir='ltr'>ultro</span> <span class='ocrx_word' id='word_1_172' title='bbox 662 2331 695 2373; x_wconf 88' lang='lat' dir='ltr'>se</span> <span class='ocrx_word' id='word_1_173' title='bbox 719 2308 808 2372; x_wconf 89' lang='lat' dir='ltr'>dedit</span> <span class='ocrx_word' id='word_1_174' title='bbox 829 2307 918 2372; x_wconf 92' lang='lat' dir='ltr'>solus</span> <span class='ocrx_word' id='word_1_175' title='bbox 934 2325 1040 2390; x_wconf 88' lang='lat' dir='ltr'>egres-</span> <span class='ocrx_word' id='word_1_176' title='bbox 1056 2339 1074 2362; x_wconf 59' lang='lat' dir='ltr'>a</span> 
     </span>
     <span class='ocr_line' id='line_1_25' title="bbox 40 2393 1040 2480; baseline 0.003 -26"><span class='ocrx_word' id='word_1_177' title='bbox 40 2416 81 2458; x_wconf 80' lang='lat' dir='ltr'>sus</span> <span class='ocrx_word' id='word_1_178' title='bbox 109 2397 308 2480; x_wconf 87' lang='lat' dir='ltr'>comitesque</span> <span class='ocrx_word' id='word_1_179' title='bbox 341 2398 410 2462; x_wconf 91' lang='lat' dir='ltr'>eius</span> <span class='ocrx_word' id='word_1_180' title='bbox 442 2399 572 2465; x_wconf 89' lang='lat' dir='ltr'>ducenti</span> <span class='ocrx_word' id='word_1_181' title='bbox 608 2418 743 2462; x_wconf 88' lang='lat' dir='ltr'>numero</span> <span class='ocrx_word' id='word_1_182' title='bbox 776 2401 810 2460; x_wconf 90' lang='lat' dir='ltr'>et</span> <span class='ocrx_word' id='word_1_183' title='bbox 841 2399 909 2460; x_wconf 87' lang='lat' dir='ltr'>tres</span> <span class='ocrx_word' id='word_1_184' title='bbox 940 2393 1040 2459; x_wconf 89' lang='lat' dir='ltr'>amici</span> 
     </span>
     <span class='ocr_line' id='line_1_26' title="bbox 18 2483 1040 2572; baseline 0.005 -31"><span class='ocrx_word' id='word_1_185' title='bbox 18 2483 227 2568; x_wconf 74' lang='lat' dir='ltr'>¹uimctissimi,</span> <span class='ocrx_word' id='word_1_186' title='bbox 251 2485 416 2570; x_wconf 86' lang='lat' dir='ltr'>flagitium</span> <span class='ocrx_word' id='word_1_187' title='bbox 440 2487 592 2553; x_wconf 86' lang='lat' dir='ltr'>arbitrati</span> <span class='ocrx_word' id='word_1_188' title='bbox 614 2490 691 2572; x_wconf 91' lang='lat' dir='ltr'>post</span> <span class='ocrx_word' id='word_1_189' title='bbox 708 2506 821 2571; x_wconf 86' lang='lat' dir='ltr'>regem</span> <span class='ocrx_word' id='word_1_190' title='bbox 843 2485 963 2569; x_wconf 86' lang='lat' dir='ltr'>uiuere,</span> <span class='ocrx_word' id='word_1_191' title='bbox 986 2483 1040 2548; x_wconf 92' lang='lat' dir='ltr'>uel</span> 
     </span>
     <span class='ocr_line' id='line_1_27' title="bbox 41 2573 1040 2659; baseline 0.001 -23"><span class='ocrx_word' id='word_1_192' title='bbox 41 2595 85 2652; x_wconf 89' lang='lat' dir='ltr'>pro</span> <span class='ocrx_word' id='word_1_193' title='bbox 104 2595 178 2659; x_wconf 90' lang='lat' dir='ltr'>rege</span> <span class='ocrx_word' id='word_1_194' title='bbox 202 2597 273 2639; x_wconf 88' lang='lat' dir='ltr'>non</span> <span class='ocrx_word' id='word_1_195' title='bbox 295 2577 392 2659; x_wconf 91' lang='lat' dir='ltr'>mori,</span> <span class='ocrx_word' id='word_1_196' title='bbox 422 2577 450 2640; x_wconf 92' lang='lat' dir='ltr'>si</span> <span class='ocrx_word' id='word_1_197' title='bbox 477 2578 526 2642; x_wconf 91' lang='lat' dir='ltr'>ita</span> <span class='ocrx_word' id='word_1_198' title='bbox 548 2577 664 2642; x_wconf 90' lang='lat' dir='ltr'>tulerit</span> <span class='ocrx_word' id='word_1_199' title='bbox 688 2595 796 2659; x_wconf 82' lang='lat' dir='ltr'>casus,</span> <span class='ocrx_word' id='word_1_200' title='bbox 822 2573 985 2639; x_wconf 89' lang='lat' dir='ltr'>tradidere</span> <span class='ocrx_word' id='word_1_201' title='bbox 1009 2594 1040 2638; x_wconf 83' lang='lat' dir='ltr'>se</span> 
     </span>
     <span class='ocr_line' id='line_1_28' title="bbox 42 2661 1041 2750; baseline 0.001 -25"><span class='ocrx_word' id='word_1_202' title='bbox 42 2661 219 2730; x_wconf 65' lang='lat' dir='ltr'>[uinciendos.</span> <span class='ocrx_word' id='word_1_203' title='bbox 243 2665 296 2728; x_wconf 85' lang='lat'>61.</span> <span class='ocrx_word' id='word_1_204' title='bbox 314 2667 415 2750; x_wconf 89' lang='lat' dir='ltr'>utque</span> <span class='ocrx_word' id='word_1_205' title='bbox 428 2667 542 2732; x_wconf 85' lang='lat' dir='ltr'>natiue</span> <span class='ocrx_word' id='word_1_206' title='bbox 558 2689 647 2731; x_wconf 89' lang='lat' dir='ltr'>more</span> <span class='ocrx_word' id='word_1_207' title='bbox 663 2669 738 2730; x_wconf 89' lang='lat' dir='ltr'>sunt</span> <span class='ocrx_word' id='word_1_208' title='bbox 751 2664 886 2729; x_wconf 89' lang='lat' dir='ltr'>barbari</span> <span class='ocrx_word' id='word_1_209' title='bbox 900 2663 1041 2727; x_wconf 90' lang='lat' dir='ltr'>humiles</span> 
     </span>
     <span class='ocr_line' id='line_1_29' title="bbox 41 2749 1041 2840; baseline 0 -25"><span class='ocrx_word' id='word_1_210' title='bbox 41 2749 66 2813; x_wconf 85' lang='lat' dir='ltr'>iu</span> <span class='ocrx_word' id='word_1_211' title='bbox 92 2753 234 2818; x_wconf 89' lang='lat' dir='ltr'>aduersis</span> <span class='ocrx_word' id='word_1_212' title='bbox 269 2753 479 2840; x_wconf 88' lang='lat' dir='ltr'>disparesque</span> <span class='ocrx_word' id='word_1_213' title='bbox 510 2757 546 2821; x_wconf 91' lang='lat' dir='ltr'>in</span> <span class='ocrx_word' id='word_1_214' title='bbox 578 2753 739 2838; x_wconf 90' lang='lat' dir='ltr'>secundis,</span> <span class='ocrx_word' id='word_1_215' title='bbox 773 2776 884 2819; x_wconf 89' lang='lat' dir='ltr'>seruus</span> <span class='ocrx_word' id='word_1_216' title='bbox 915 2753 1041 2818; x_wconf 86' lang='lat' dir='ltr'>alienae</span> 
     </span>
     <span class='ocr_line' id='line_1_30' title="bbox 42 2841 1042 2928; baseline 0.004 -28"><span class='ocrx_word' id='word_1_217' title='bbox 42 2841 203 2907; x_wconf 89' lang='lat' dir='ltr'>uoluntatis</span> <span class='ocrx_word' id='word_1_218' title='bbox 236 2841 429 2909; x_wconf 89' lang='lat' dir='ltr'>trahebatur</span> <span class='ocrx_word' id='word_1_219' title='bbox 455 2845 582 2928; x_wconf 88' lang='lat' dir='ltr'>pallore</span> <span class='ocrx_word' id='word_1_220' title='bbox 611 2843 762 2909; x_wconf 87' lang='lat' dir='ltr'>confusus</span> <span class='ocrx_word' id='word_1_221' title='bbox 790 2843 959 2911; x_wconf 86' lang='lat' dir='ltr'>claudente</span> <span class='ocrx_word' id='word_1_222' title='bbox 986 2863 1042 2905; x_wconf 86' lang='lat' dir='ltr'>no-</span> 
     </span>
     <span class='ocr_line' id='line_1_31' title="bbox 18 2930 1041 3020; baseline 0.005 -31"><span class='ocrx_word' id='word_1_223' title='bbox 18 2951 138 2996; x_wconf 83' lang='lat' dir='ltr'>umrum</span> <span class='ocrx_word' id='word_1_224' title='bbox 161 2932 364 2998; x_wconf 87' lang='lat' dir='ltr'>conscientia</span> <span class='ocrx_word' id='word_1_225' title='bbox 386 2934 543 3020; x_wconf 87' lang='lat' dir='ltr'>linguam,</span> <span class='ocrx_word' id='word_1_226' title='bbox 566 2936 749 2999; x_wconf 88' lang='lat' dir='ltr'>inmensum</span> <span class='ocrx_word' id='word_1_227' title='bbox 773 2936 929 3018; x_wconf 90' lang='lat' dir='ltr'>quantum</span> <span class='ocrx_word' id='word_1_228' title='bbox 948 2930 1041 2994; x_wconf 91' lang='lat' dir='ltr'>abeo</span> 
     </span>
     <span class='ocr_line' id='line_1_32' title="bbox 43 3018 1066 3110; baseline 0 -28"><span class='ocrx_word' id='word_1_229' title='bbox 43 3018 176 3110; x_wconf 81' lang='lat' dir='ltr'>differens</span> <span class='ocrx_word' id='word_1_230' title='bbox 201 3021 259 3106; x_wconf 92' lang='lat' dir='ltr'>qui</span> <span class='ocrx_word' id='word_1_231' title='bbox 281 3026 358 3106; x_wconf 87' lang='lat' dir='ltr'>post</span> <span class='ocrx_word' id='word_1_232' title='bbox 379 3023 466 3088; x_wconf 85' lang='lat' dir='ltr'>ieros</span> <span class='ocrx_word' id='word_1_233' title='bbox 490 3024 710 3109; x_wconf 87' lang='lat' dir='ltr'>lugubresque</span> <span class='ocrx_word' id='word_1_234' title='bbox 724 3027 865 3087; x_wconf 87' lang='lat' dir='ltr'>terrores</span> <span class='ocrx_word' id='word_1_235' title='bbox 881 3019 1066 3105; x_wconf 82' lang='lat' dir='ltr'>cineribus</span> 
     </span>
     <span class='ocr_line' id='line_1_33' title="bbox 42 3107 921 3178; baseline 0.006 -9"><span class='ocrx_word' id='word_1_236' title='bbox 42 3107 209 3176; x_wconf 72' lang='lat' dir='ltr'>[talliarum</span> <span class='ocrx_word' id='word_1_237' title='bbox 233 3111 395 3177; x_wconf 89' lang='lat' dir='ltr'>insultans</span> <span class='ocrx_word' id='word_1_238' title='bbox 419 3114 525 3178; x_wconf 89' lang='lat' dir='ltr'>multa</span> <span class='ocrx_word' id='word_1_239' title='bbox 548 3113 734 3178; x_wconf 84' lang='lat' dir='ltr'>minabatur</span> <span class='ocrx_word' id='word_1_240' title='bbox 758 3116 791 3176; x_wconf 91' lang='lat' dir='ltr'>et</span> <span class='ocrx_word' id='word_1_241' title='bbox 815 3133 921 3175; x_wconf 88' lang='lat' dir='ltr'>saeua.</span> 
     </span>
    </p>
   </div>
   <div class='ocr_carea' id='block_1_5' title="bbox 61 3263 110 3272">
    <p class='ocr_par' dir='ltr' id='par_1_5' title="bbox 61 3263 110 3272">
     <span class='ocr_line' id='line_1_34' title="bbox 61 3263 110 3272; baseline 0.02 -5"><span class='ocrx_word' id='word_1_242' title='bbox 61 3263 110 3272; x_wconf 66' lang='grc'>..-</span> 
     </span>
    </p>
   </div>
   <div class='ocr_carea' id='block_1_6' title="bbox 44 3329 1050 3735">
    <p class='ocr_par' dir='ltr' id='par_1_6' title="bbox 44 3329 1050 3735">
     <span class='ocr_line' id='line_1_35' title="bbox 98 3329 1045 3404; baseline -0.004 -19"><span class='ocrx_word' id='word_1_243' title='bbox 98 3339 112 3385; x_wconf 82' lang='lat'>5</span> <span class='ocrx_word' id='word_1_244' title='bbox 165 3335 254 3386; x_wconf 82' lang='lat' dir='ltr'>untur</span> <span class='ocrx_word' id='word_1_245' title='bbox 278 3331 333 3386; x_wconf 75' lang='lat' dir='ltr'>GA</span> <span class='ocrx_word' id='word_1_246' title='bbox 355 3346 405 3386; x_wconf 81' lang='lat' dir='ltr'>oua</span> <span class='ocrx_word' id='word_1_247' title='bbox 430 3332 497 3387; x_wconf 88' lang='lat' dir='ltr'>VPb</span> <span class='ocrx_word' id='word_1_248' title='bbox 567 3331 800 3386; x_wconf 78' lang='lat' dir='ltr'>chonodamarius</span> <span class='ocrx_word' id='word_1_249' title='bbox 822 3331 902 3400; x_wconf 73' lang='lat' dir='ltr'>Pbpa</span> <span class='ocrx_word' id='word_1_250' title='bbox 924 3329 1045 3404; x_wconf 86' lang='lat' dir='ltr'>chnodo·</span> 
     </span>
     <span class='ocr_line' id='line_1_36' title="bbox 45 3395 1046 3469; baseline -0.001 -21"><span class='ocrx_word' id='word_1_251' title='bbox 45 3401 133 3454; x_wconf 78' lang='lat' dir='ltr'>nanus</span> <span class='ocrx_word' id='word_1_252' title='bbox 246 3407 263 3458; x_wconf 88' lang='lat'>8</span> <span class='ocrx_word' id='word_1_253' title='bbox 281 3398 409 3454; x_wconf 86' lang='lat' dir='ltr'>tribunos</span> <span class='ocrx_word' id='word_1_254' title='bbox 426 3401 470 3455; x_wconf 90' lang='lat' dir='ltr'>Pb</span> <span class='ocrx_word' id='word_1_255' title='bbox 539 3406 555 3455; x_wconf 86' lang='lat'><strong>9</strong></span> <span class='ocrx_word' id='word_1_256' title='bbox 572 3399 731 3469; x_wconf 88' lang='lat' dir='ltr'>intrepidus</span> <span class='ocrx_word' id='word_1_257' title='bbox 753 3399 832 3454; x_wconf 85' lang='lat' dir='ltr'>codd.</span> <span class='ocrx_word' id='word_1_258' title='bbox 855 3398 885 3450; x_wconf 88' lang='lat' dir='ltr'>in</span> <span class='ocrx_word' id='word_1_259' title='bbox 903 3395 1046 3450; x_wconf 86' lang='lat' dir='ltr'>Tribcecrs</span> 
     </span>
     <span class='ocr_line' id='line_1_37' title="bbox 48 3463 1044 3542; baseline -0.009 -19"><span class='ocrx_word' id='word_1_260' title='bbox 48 3463 154 3536; x_wconf 78' lang='lat' dir='ltr'>Waprrer</span> <span class='ocrx_word' id='word_1_261' title='bbox 224 3476 257 3526; x_wconf 88' lang='lat'>10</span> <span class='ocrx_word' id='word_1_262' title='bbox 273 3485 305 3524; x_wconf 86' lang='lat' dir='ltr'>se</span> <span class='ocrx_word' id='word_1_263' title='bbox 328 3467 456 3524; x_wconf 78' lang='lat' dir='ltr'>Valesius</span> <span class='ocrx_word' id='word_1_264' title='bbox 483 3483 534 3523; x_wconf 84' lang='lat' dir='ltr'>ora.</span> <span class='ocrx_word' id='word_1_265' title='bbox 553 3469 631 3523; x_wconf 83' lang='lat' dir='ltr'>codd.</span> <span class='ocrx_word' id='word_1_266' title='bbox 701 3466 867 3522; x_wconf 88' lang='lat' dir='ltr'>emendaret</span> <span class='ocrx_word' id='word_1_267' title='bbox 896 3464 948 3542; x_wconf 65' lang='lat' dir='ltr'>VR</span> <span class='ocrx_word' id='word_1_268' title='bbox 979 3478 1044 3516; x_wconf 90' lang='lat' dir='ltr'>eua-</span> 
     </span>
     <span class='ocr_line' id='line_1_38' title="bbox 44 3529 1050 3602; baseline -0.001 -18"><span class='ocrx_word' id='word_1_269' title='bbox 44 3533 114 3588; x_wconf 87' lang='lat' dir='ltr'>deret</span> <span class='ocrx_word' id='word_1_270' title='bbox 130 3537 155 3591; x_wconf 84' lang='lat' dir='ltr'><strong><em>G</em></strong></span> <span class='ocrx_word' id='word_1_271' title='bbox 213 3541 265 3592; x_wconf 78' lang='lat'>⁸11</span> <span class='ocrx_word' id='word_1_272' title='bbox 284 3536 425 3593; x_wconf 86' lang='lat' dir='ltr'>territoria</span> <span class='ocrx_word' id='word_1_273' title='bbox 444 3537 471 3593; x_wconf 76' lang='lat' dir='ltr'><em>G</em></span> <span class='ocrx_word' id='word_1_274' title='bbox 488 3537 612 3591; x_wconf 87' lang='lat' dir='ltr'>tentoria</span> <span class='ocrx_word' id='word_1_275' title='bbox 633 3535 720 3591; x_wconf 84' lang='lat' dir='ltr'>VPba</span> <span class='ocrx_word' id='word_1_276' title='bbox 781 3541 813 3588; x_wconf 85' lang='grc'>14</span> <span class='ocrx_word' id='word_1_277' title='bbox 829 3531 1002 3602; x_wconf 85' lang='lat' dir='ltr'>plaustrrbus</span> <span class='ocrx_word' id='word_1_278' title='bbox 1023 3529 1050 3584; x_wconf 91' lang='lat' dir='ltr'><em>V</em></span> 
     </span>
     <span class='ocr_line' id='line_1_39' title="bbox 46 3598 1047 3730; baseline -0.006 -71"><span class='ocrx_word' id='word_1_279' title='bbox 46 3606 71 3653; x_wconf 85' lang='grc'>16</span> <span class='ocrx_word' id='word_1_280' title='bbox 86 3604 165 3724; x_wconf 56' lang='grc' dir='ltr'>ἷξοω</span> <span class='ocrx_word' id='word_1_281' title='bbox 178 3605 315 3730; x_wconf 55' lang='lat' dir='ltr'>,ypgbeso</span> <span class='ocrx_word' id='word_1_282' title='bbox 334 3607 362 3663; x_wconf 87' lang='lat' dir='ltr'><em>P</em></span> <span class='ocrx_word' id='word_1_283' title='bbox 429 3611 463 3661; x_wconf 78' lang='lat'>26</span> <span class='ocrx_word' id='word_1_284' title='bbox 481 3621 510 3660; x_wconf 84' lang='lat' dir='ltr'>se</span> <span class='ocrx_word' id='word_1_285' title='bbox 530 3605 624 3660; x_wconf 80' lang='lat' dir='ltr'>Gom.</span> <span class='ocrx_word' id='word_1_286' title='bbox 646 3603 733 3660; x_wconf 84' lang='lat' dir='ltr'>VPba</span> <span class='ocrx_word' id='word_1_287' title='bbox 796 3607 828 3657; x_wconf 89' lang='lat'>31</span> <span class='ocrx_word' id='word_1_288' title='bbox 846 3602 911 3670; x_wconf 88' lang='lat' dir='ltr'>post</span> <span class='ocrx_word' id='word_1_289' title='bbox 927 3599 1001 3655; x_wconf 83' lang='lat' dir='ltr'>leros</span> <span class='ocrx_word' id='word_1_290' title='bbox 1021 3598 1047 3654; x_wconf 71' lang='lat' dir='ltr'><strong><em>G</em></strong></span> 
     </span>
     <span class='ocr_line' id='line_1_40' title="bbox 45 3684 266 3735; baseline 0.036 -13"><span class='ocrx_word' id='word_1_291' title='bbox 45 3684 87 3735; x_wconf 89' lang='lat' dir='ltr'>pos</span> <span class='ocrx_word' id='word_1_292' title='bbox 115 3689 157 3727; x_wconf 85' lang='lat' dir='ltr'>ros</span> <span class='ocrx_word' id='word_1_293' title='bbox 247 3691 266 3730; x_wconf 84' lang='lat' dir='ltr'>a</span> 
     </span>
    </p>
   </div>
   <div class='ocr_carea' id='block_1_7' title="bbox 0 0 1229 3928">
    <p class='ocr_par' dir='ltr' id='par_1_7' title="bbox 0 0 1229 3928">
     <span class='ocr_line' id='line_1_41' title="bbox 0 0 1229 3928; baseline 0 0"><span class='ocrx_word' id='word_1_294' title='bbox 0 0 1229 3928; x_wconf 95' lang='lat' dir='ltr'> </span> 
     </span>
    </p>
   </div>
  </div>
 </body>
</html>
