2530 3922
391 191 645 271 conspuunvs
664 223 714 273 aaa
1012 220 1056 286 49

72 357 147 420 niuis
166 357 357 442 pulsabatur.
381 360 411 424 6.
424 359 505 426 haec
528 363 667 446 augente
690 363 856 447 uulgatius
879 363 967 431 fama
985 370 1055 432 tan·

71 451 124 510 tum
148 447 259 531 aberat,
287 451 325 512 ut
354 449 505 532 proderet
529 451 700 536 quisquam
726 452 799 517 uisa
820 456 989 540 nocturna,
1018 463 1055 521 ut

71 555 146 619 aegre
172 535 313 601 homines
337 537 494 603 dormisse
518 561 588 604 sese
617 541 843 624 praesentibus
874 542 1054 611 faterentur

71 625 193 710 externis,
219 626 468 712 maerebantque
497 628 583 693 docti
607 629 747 715 quidam,
775 631 860 716 quod
888 634 973 718 apud
996 633 1055 700 At-

50 714 169 778 ⁵lantc0s
190 716 257 779 nati
279 737 347 780 non
369 721 486 800 essent,
508 718 565 782 ubi
587 723 808 784 memorantur
836 723 962 788 somnia
988 746 1054 790 non

70 803 155 888 uideri,
182 805 264 889 quod
293 805 376 870 unde
406 807 535 872 eueniat
564 829 673 872 rerum
704 809 927 876 scientissimis
958 813 1054 877 relin-

69 915 184 974 quamus.

136 984 161 1046 7.
176 982 263 1048 Inter
281 985 342 1049 has
362 985 589 1069 quaestionum
608 987 905 1072 ‚suppliciorumque
929 991 1053 1074 species

67 1070 131 1135 dias
151 1072 183 1136 in
196 1072 327 1158 Illyrico
352 1074 494 1139 exoritur
518 1075 583 1139 alia
606 1076 713 1140 clades
737 1076 778 1140 ad
801 1078 978 1143 multorum
1000 1101 1053 1164 pe-

42 1174 59 1209 1⁰
68 1158 146 1224 ricula
170 1183 205 1226 ex
231 1163 408 1228 uerborum
429 1164 589 1228 inanitate
611 1185 796 1250 progressa.
841 1167 876 1231 in
902 1168 1052 1233 conuiuio

66 1247 184 1314 Africani
210 1251 398 1318 Pannoniae
432 1253 587 1318 secundae
616 1255 753 1320 rectoris
785 1256 869 1339 apud
898 1255 1053 1322 Sirmium

66 1339 163 1418 poculis
186 1341 397 1426 amplioribus
421 1342 594 1408 madefacti
618 1344 748 1429 quidam
762 1345 922 1409 arbitrum
941 1346 1053 1410 adesse

64 1427 163 1494 nullum
177 1430 400 1496 existimantes
424 1432 560 1497 licenter
581 1433 755 1517 imperium
767 1455 920 1518 praesens
934 1438 972 1499 ut
988 1457 1054 1499 mc-

65 1515 249 1584 lcstissimum
272 1521 478 1586 incusabant:
502 1522 618 1606 quibus
643 1523 700 1586 alii
724 1525 871 1606 optatam
893 1528 1055 1607 permuta-

37 1619 53 1656 1³
64 1604 161 1671 tionem
180 1612 365 1694 temporum
388 1611 562 1676 aduentare
584 1612 728 1676 ueluti'e
756 1611 937 1697 praesagiis
958 1611 1054 1680 ‘adfir-

63 1695 179 1782 nebant⁷
200 1721 268 1764 non
290 1699 373 1764 nulli
396 1700 555 1764 maiorum
579 1701 715 1786 auguria
738 1701 801 1765 sibi
831 1701 981 1786 portendi
1007 1702 1053 1766 in·

61 1785 205 1868 cogitabili
219 1788 384 1854 dementia
406 1789 650 1873 promittebant.
680 1791 710 1855 8.
729 1811 897 1874 equorum
919 1812 1053 1856 numero

62 1871 248 1952 Gaudentius,
266 1898 367 1963 agens
395 1878 430 1942 in
451 1878 557 1964 rebus,
585 1881 693 1944 mente
721 1879 892 1964 praecipiti
916 1881 1053 1946 stolidus

62 1971 157 2030 renat
178 1966 301 2031 seriam
315 1967 475 2033 detulerat
499 1967 539 2032 ad
551 1967 714 2052 Rufinum,
729 1969 942 2052 apparitionis
964 1992 1055 2053 prae-

35 2063 52 2101 s
61 2050 178 2119 lactinae
192 2057 421 2139 praetorianae
435 2061 511 2121 tunc
525 2057 714 2142 principem,
727 2057 918 2123 ultimorum
929 2080 1055 2142 semper

62 2140 166 2207 auidum
187 2144 357 2211 hominem
381 2149 414 2211 et
432 2145 552 2212 coalita
565 2147 728 2229 prauitate
752 2147 921 2212 famosum.
949 2147 979 2212 9.
999 2147 1054 2232 qui

61 2231 206 2298 confestim
230 2235 327 2319 quasi
353 2235 461 2318 pinnis
485 2237 590 2300 elatus
615 2236 655 2301 ad
679 2235 868 2302 comitatum
897 2236 1053 2320 principis

60 2317 201 2387 aduolauit
224 2345 364 2409 eumque
393 2325 433 2389 ad
461 2325 660 2409 suspiciones
687 2324 894 2390 huiusmodi
921 2323 1056 2388 mollem

60 2411 83 2469 rt
100 2413 332 2492 penetrabilem
353 2413 402 2478 ita
424 2413 542 2478 acriter
569 2414 798 2497 inflammauit,
825 2417 862 2476 ut
886 2411 954 2476 sine
978 2412 1055 2477 deli-

35 2494 203 2567 bberatione
225 2503 298 2568 ulla
319 2501 493 2568 Africanus
516 2506 549 2567 et
564 2525 675 2568 omnes
698 2502 807 2568 letalis
831 2523 961 2566 mensae
984 2524 1056 2586 par-

59 2585 150 2671 ticipes
179 2591 373 2657 iuberentur
400 2592 473 2676 rapi
503 2592 667 2656 sublimes
720 2613 783 2676 quo
814 2591 901 2656 facto
929 2591 1056 2656 delator

60 2673 183 2744 ttncstus
191 2681 301 2756 uetita
310 2703 349 2746 ex
363 2703 453 2746 more
467 2682 608 2747 humano
622 2681 762 2746 ualidius
778 2680 909 2765 cupiens
923 2680 1054 2744 biennio

58 2761 82 2826 id
100 2770 177 2851 quod
200 2771 333 2855 agebat,
362 2773 399 2836 ut
427 2771 620 2855 postularat,
651 2769 838 2834 continuare
853 2773 1056 2854 praeceptus

59 2857 104 2918 est.
130 2858 177 2923 10.
195 2860 318 2924 missus
341 2860 443 2944 igitur
466 2859 506 2924 ad
530 2881 584 2924 eos
610 2857 1056 2946 corripiendosuTeutomeres

35 2947 202 3022 epotator
231 2949 429 3014 domesticus
458 2970 531 3014 cum
558 2948 686 3032 collega
714 2951 848 3013 onustos
872 2967 983 3012 omnes
1007 2967 1064 3010 ca·

58 3035 134 3118 tanis,
154 3042 191 3102 ut
213 3039 405 3104 mandatum
429 3041 488 3122 est,
510 3037 715 3121 perducebat.
760 3037 815 3101 sed
844 3035 901 3100 ubi
924 3037 1060 3100 uentum

57 3125 95 3185 est
114 3124 313 3213 Aquileiam,
343 3125 488 3192 Marinus
519 3127 662 3193 trebereos
691 3147 730 3190 ex
758 3125 994 3208 campidoctore
1018 3145 1059 3187 eo

61 3265 258 3282 Ἢ-

110 3338 173 3391 aue
191 3339 224 3397 0.
243 3337 281 3392 F.
302 3335 347 3393 W.
365 3337 471 3392 Malllcr
488 3353 552 3391 cum
569 3335 648 3392 codol.
697 3341 728 3390 10
746 3335 872 3390 conuiuis
886 3333 918 3410 ¹P
935 3346 985 3390 ocu.
1004 3333 1067 3408 lca.

59 3405 83 3451 10
97 3402 147 3458 rin.
162 3405 208 3460 Rc·
247 3405 374 3460 rouincia
391 3406 426 3476 by
466 3411 497 3461 13
514 3420 648 3475 praesens
668 3403 694 3457 G
711 3418 762 3473 pre
780 3417 810 3456 se
831 3401 883 3456 VP
918 3407 950 3456 15
968 3398 1059 3454 ueluti

58 3468 200 3528 asuerus
245 3473 271 3528 'e
293 3473 380 3527 VPbc
448 3479 480 3527 16
502 3472 622 3552 augasma
639 3470 666 3526 G
688 3469 778 3525 auirio
799 3467 851 3525 VP
920 3473 952 3523 18
970 3482 1063 3536 agens

61 3533 169 3596 Valesius
185 3541 279 3621 magis
299 3540 352 3595 VP
402 3540 552 3611 praecipiti
572 3539 626 3595 (ΞΑ
648 3539 776 3609 recipiti
797 3536 826 3616 V,
869 3541 902 3594 22
920 3532 1058 3619 elatrat}

57 3607 83 3653 ‘26
98 3608 149 3660 rari
164 3609 301 3664 sublimes
323 3608 374 3664 VP
391 3608 525 3663 sublimes
542 3607 606 3664 tolli
624 3609 683 3678 boc.
740 3612 772 3661 32
790 3605 920 3659 tribunus
938 3606 1059 3684 emanat

61 3668 172 3732 taraus
187 3683 242 3736 om.
263 3677 326 3748 [lac.
344 3683 360 3731 6
379 3677 445 3748 rna}
469 3675 521 3731 VP

100 3770 230 3815 Annam
245 3773 429 3818 Maronianus.
880 3763 898 3812 4
