2530 3922
169 211 213 276 43
568 203 620 256 xv
637 209 662 271 3,
680 209 755 269 3-4‚
774 208 806 257 ro

171 351 357 434 iactantiae,
384 348 497 414 iniusti
524 346 647 430 pariter
675 350 708 410 et
737 344 870 410 cruenti.
914 343 977 428 -qui
1003 341 1095 406 nulla
1121 363 1191 425 per-

172 440 360 524 spicacitate
376 439 445 502 sine
458 436 680 500 innocentium
695 434 900 518 sontiumque
911 431 1093 496 differentia
1108 431 1190 496 alios

171 529 361 594 uerberibus
390 526 444 592 uel
473 525 646 590 tormentis
674 523 822 589 adflictos
853 521 976 587 exulari
1005 542 1111 604 poena
1141 520 1192 584 da·

172 621 335 700 mutarunt,
350 615 505 701 quosdam
516 614 557 679 ed
570 613 715 678 infimam
729 617 853 678 trusere
868 611 1030 694 militiam,
1045 609 1192 674 residuos

171 707 365 790 capitalibus
399 704 548 792 addixere
582 702 759 788 suppliciis.
800 701 1008 785 impletisque
1041 699 1215 765 funerum⁵

171 795 278 860 bustis
301 794 423 859 reuersi
441 793 533 858 uelut
556 796 690 858 ouantes
715 795 809 876 gesta
830 791 1029 855 rettulerunt
1052 789 1092 854 ad
1105 787 1193 872 prin-

173 880 1195 1051 {ttonditttt'thttltttttttttttttt:

174 1055 331 1144 scriptum
353 1060 496 1124 fatormn
516 1060 660 1124 ordinem
676 1059 888 1124 conuulsurus
912 1057 1038 1122 recluso
1061 1060 1195 1140 pectore

173 1151 308 1233 patebat
331 1149 560 1213 insidiantibus
584 1147 706 1212 multis.
752 1147 835 1212 unde
858 1167 1025 1210 rumorum
1053 1167 1194 1228 aucupes
1209 1163 1230 1202 ιι

175 1239 283 1304 subito
298 1237 435 1302 extitere
450 1237 631 1321 conplures,
645 1235 805 1300 honorum
818 1236 956 1300 uertices
971 1235 1059 1318 ipsos
1079 1234 1194 1298 ferinis

174 1327 336 1392 morsibus
361 1326 551 1410 adpetentes
574 1328 752 1409 posteaque
771 1345 927 1408 pauperes
952 1328 985 1388 et
1005 1322 1125 1388 diuites
1149 1323 1195 1386 in-

174 1415 326 1482 discrete:
349 1437 417 1480 non
438 1419 476 1479 nt
499 1412 672 1498 Cibyratae
695 1413 746 1478 illi
765 1411 906 1497 Varini,
929 1413 1074 1478 tribunal
1097 1412 1194 1476 unius

175 1506 279 1589 legati
302 1505 492 1586 lambentes
521 1503 577 1567 sed
599 1503 647 1568 rei
670 1503 818 1587 publicae
841 1503 988 1566 membra
1010 1501 1112 1567 totius
1136 1522 1196 1584 per

177 1593 353 1658 incidentia
366 1593 454 1656 mala
464 1594 628 1657 uexantes.
674 1593 703 1656 4.
717 1591 804 1656 inter
819 1613 899 1676 quos
914 1591 1010 1656 facile
1024 1589 1147 1654 Paulus
1163 1593 1196 1652 et
1211 1610 1231 1649 15

175 1681 355 1745 Mercurius
379 1680 578 1744 eminebant:
601 1680 655 1744 hic
679 1681 806 1764 origine
830 1680 937 1763 Persa,
961 1679 1013 1744 ille
1034 1683 1132 1743 natus
1162 1679 1197 1741 in

175 1769 291 1834 Dacia:
314 1769 461 1835 notarius
484 1768 550 1851 ille,
573 1767 628 1833 hic
651 1791 671 1832 a
693 1769 843 1834 ministro
863 1768 1000 1833 triclinii
1013 1767 1197 1833 rationalis.

178 1861 211 1920 et
233 1857 337 1922 Paulo
362 1857 501 1941 quidem,
523 1862 560 1921 ut
583 1858 722 1922 relatum
746 1862 795 1923 est
820 1881 926 1942 supra,
950 1856 1091 1922 Catenae
1115 1857 1198 1920 indi-

176 1950 247 2010 tum
270 1949 320 2010 est
343 1950 604 2031 cognomentum,
627 1969 665 2012 eo
690 1949 775 2032 quod
798 1949 833 2012 in
861 1946 1080 2032 conplioandis
1111 1947 1199 2011 calu-

120 2099 122 2106 ,
176 2035 337 2100 mniarum
350 2035 486 2100 nexibus
502 2039 573 2100 erat
585 2036 807 2102 indissolubili
821 2037 879 2119 ira,
902 2037 1110 2102 inuenturum
1124 2057 1198 2100 sese
1213 2061 1237 2099 ro

176 2124 335 2190 uarietate
368 2124 570 2209 dispendens‚
607 2129 642 2190 ut
678 2125 712 2188 in
744 2125 1037 2192 conluctationibus
1075 2124 1199 2190 callere

176 2213 274 2278 nimis
294 2213 424 2297 quidam
442 2214 549 2280 solent
563 2213 702 2278 artifices
721 2214 939 2297 palaestritae.
972 2214 1002 2280 5.
1015 2213 1200 2278 Mercurius

178 2302 377 2368 sonmiorum
409 2303 592 2388 appellatus
616 2325 732 2386 eomes,
765 2303 850 2388 quod
882 2308 918 2369 ut
948 2304 1032 2370 clam
1060 2303 1201 2368 mordax

178 2392 266 2456 cunis
289 2392 417 2456 interna
440 2393 577 2458 saeuitia
601 2391 791 2467 submissius
807 2393 936 2477 agitans
953 2392 1098 2476 caudam,
1121 2414 1201 2475 epu-

178 2480 220 2544 lis
236 2481 443 2565 coetibusque
467 2504 501 2546 se
517 2482 637 2548 crebris
661 2481 806 2548 inserens
831 2482 859 2546 si
880 2503 939 2564 per
953 2481 1096 2568 quietem
1110 2481 1202 2565 quis·
1217 2509 1239 2546 a

180 2589 285 2652 quam,
307 2569 364 2632 ubi
381 2569 490 2634 'fusius
505 2573 620 2634 natura
633 2575 782 2654 uagatur,
805 2570 925 2636 uidisse
948 2568 1072 2654 aliquid
1089 2570 1201 2636 amico

179 2660 353 2740 narrasset,
375 2657 409 2720 id
431 2658 601 2724 uenenatis
625 2655 750 2723 artibus
775 2659 954 2724 coloratum
972 2659 1009 2726 in
1025 2659 1118 2743 peius
1143 2681 1203 2742 pa-

179 2745 257 2809 tulis
281 2744 487 2828 imperatoris
512 2746 642 2811 auribus
665 2747 857 2814 intrudebat
879 2753 912 2814 et
935 2749 977 2813 ob
1005 2747 1067 2813 hoc
1096 2747 1202 2814 homo

180 2838 347 2916 tamquam
368 2833 560 2918 inexpiabili
583 2836 740 2902 obnoxius
764 2837 887 2922 culpae,
910 2837 1004 2922 graui
1027 2837 1112 2902 mole
1138 2838 1204 2900 cri-

250 3049 264 3096 1
303 3044 498 3114 erepicacitate
516 3044 544 3097 A
560 3045 761 3123 perspicaciter
779 3045 871 3125 codd..
901 3053 916 3100 3
934 3046 1099 3100 uerberibus
1115 3047 1163 3100 Pb
1184 3064 1205 3099 a

181 3109 343 3231 'beilquf--us
365 3110 399 3192 V,
440 3112 618 3234 5supphc1rs
635 3113 715 3190 i’byo
733 3113 887 3234 supplectis
909 3113 935 3165 V
983 3120 999 3168 8
1021 3115 1091 3167 tunc
1104 3112 1157 3191 ⁸0..
1199 3156 1205 3165 .

180 3178 530 3326 trituraret·
546 3179 982 3317 traiano-ee
1082 3181 1206 3302 nce

180 3313 422 3394 torumtVulceeua
442 3331 610 3394 muenerum
633 3317 687 3385 [·nt
707 3317 745 3387 P]
771 3316 823 3372 VP
845 3334 956 3374 uenena
981 3317 1033 3387 tua
1084 3322 1116 3370 21
1142 3317 1206 3372 cal-

181 3381 240 3436 lere
261 3398 345 3440 nimis
363 3381 577 3461 Sulmonenses.
595 3383 641 3438 Pl.
657 3399 687 3452 p.
705 3391 754 3439 291
773 3383 804 3440 D
821 3385 914 3441 calere
930 3401 997 3440 uem
1010 3385 1034 3438 is
1056 3383 1107 3442 VP
1119 3385 1208 3440 calce

180 3450 279 3527 tenere
301 3451 353 3520 tpu
387 3455 420 3504 23
443 3467 615 3504 sommorum
628 3450 754 3506 Valesius
772 3453 982 3510 sollemniorem
1003 3452 1030 3504 V
1061 3454 1208 3508 arsaeui-

180 3517 223 3571 tra
242 3517 405 3574 submissius
424 3517 573 3572 Hermann
592 3519 664 3572 uitia
683 3520 845 3576 summissus
870 3520 921 3574 VP
944 3520 1065 3578 caudam
1082 3535 1135 3575 om.
1154 3522 1208 3574 Pb

181 3590 215 3638 26
232 3587 354 3662 uagatur
373 3585 438 3638 Gli
487 3586 556 3640 ¹atur
578 3585 663 3648 VPba
732 3594 764 3642 22
790 3590 929 3644 narrasset
957 3587 1012 3644 GA
1038 3605 1122 3650 naras
1147 3587 1210 3644 VP

182 3657 215 3705 29
237 3653 429 3721 rnexplioabili
502 3654 554 3723 byn
