2530 3922
327 145 578 204 consraurlvs
596 148 643 203 ΕΤ
662 149 803 205 GALLVS
821 157 870 208 353
1063 153 1107 220 23

82 288 242 353 minutias
268 291 457 374 aurigarum
479 314 698 379 equorumque
721 295 896 379 praecipua
918 296 972 360 uel
985 295 1108 361 delicta

83 381 280 444 scrutantes.
316 379 369 445 26.
393 384 426 444 et
449 385 498 446 est
515 383 687 449 admodum
710 383 829 448 mirum
842 384 952 449 uidere
975 385 1108 468 plebem

82 467 291 533 innumeram
304 469 468 536 mentibus
484 471 598 537 ardore
622 472 764 558 quodam
786 472 893 538 infuso
918 495 991 538 curn
1013 473 1106 537 dimi-

82 556 254 622 cationum
268 559 429 627 curulium
452 565 570 626 euentu
592 563 794 646 pendentem.
825 561 906 627 haec
921 562 1106 646 similiaque

55 647 301 712 memorabile
327 647 412 713 nihil
441 650 495 714 uel
525 651 647 716 serium
670 651 726 736 agi
747 649 872 716 Romae
901 651 1037 736 permitt
1083 656 1107 716 t.

82 755 163 819 ergo
188 736 387 802 redeundum
410 738 608 806 adtentum.

176 823 207 890 7.
222 826 250 890 1.
260 825 375 894 Latius
388 828 455 892 iam
469 829 681 894 disseminata
695 829 828 894 licentia
840 851 995 895 onerosus
1009 829 1105 894 bonis

82 914 239 980 omnibus
270 913 390 981 Caesar
418 918 546 984 nullum
574 923 650 1003 post
678 919 759 983 haec
789 917 946 984 adhibens
974 918 1106 982 modum

83 1003 223 1068 orientis
254 1004 359 1070 latera
382 1010 497 1072 cuncta
519 1008 661 1072 uexabat
682 1029 742 1072 nec
771 1007 939 1074 honoratis
969 1029 1105 1093 parcens

45 1113 144 1156 nnec
158 1093 292 1159 urbium
315 1095 509 1179 primatibus
532 1119 592 1162 nec
614 1096 762 1181 plebeiis.
785 1099 815 1162 2.
839 1096 976 1182 denique
990 1094 1106 1162 Antio-

82 1182 217 1246 chensis
247 1183 369 1250 ordinis
396 1187 535 1251 uertices
565 1187 625 1251 sub
653 1209 717 1252 uno
746 1186 854 1271 elogio
877 1187 974 1251 iussit
1002 1185 1107 1251 occidi

82 1271 157 1336 ideo
173 1271 336 1358 efferatus,
351 1275 436 1359 quod
450 1276 481 1340 ei
495 1275 653 1340 celebrari
662 1275 827 1340 uilitatem
840 1275 1106 1360 intempestiuam

82 1361 228 1446 urgenti,
252 1383 324 1426 cum
337 1363 526 1449 inpenderet
549 1365 668 1449 inopia,
691 1365 824 1450 grauius
843 1363 1035 1429 rationabili
1057 1385 1106 1428 re-

83 1450 300 1536 sponderunt3
316 1455 349 1518 et
361 1454 523 1538 perissent
537 1453 577 1518 ad
591 1477 691 1519 unum
704 1453 740 1518 ni
754 1475 861 1518 comes
877 1452 1012 1518 orientis
1026 1455 1104 1516 tunc
1201 1503 1202 1506 η

44 1559 67 1598 15
81 1537 276 1605 Honoratus
304 1541 369 1608 fixa
396 1543 581 1608 constantia
603 1543 788 1608 restitisset.
835 1543 864 1626 3.
897 1545 968 1606 erat
996 1545 1105 1606 autem

81 1629 230 1694 diritatis
255 1630 323 1695 eius
345 1631 409 1697 hoc
432 1654 558 1718 quoque
585 1631 742 1696 indicium
763 1653 823 1696 nec
850 1631 1023 1696 obscurum
1044 1651 1103 1695 nec

82 1719 204 1802 latens,
227 1720 313 1803 quod
335 1720 467 1787 ludicris
492 1722 634 1786 cruentis
658 1721 881 1787 delectabatur
904 1723 937 1784 et
960 1720 995 1784 in
1018 1720 1103 1784 circo

83 1829 142 1872 sex
166 1807 222 1872 uel
245 1813 371 1894 septem
393 1810 589 1895 aliquotiens
617 1811 730 1876 uetitis
755 1809 985 1876 certaminibus
1012 1808 1106 1894 pugi-

82 1896 155 1961 lum
178 1897 325 1963 uicissim
348 1922 382 1964 se
397 1901 634 1966 concidentium
656 1899 923 1984 perfusorumque
947 1898 1105 1982 sauguine

45 2007 69 2046 cc
84 1986 195 2069 specie
218 1991 255 2051 ut
277 1987 421 2054 lucratus
444 1989 593 2073 ingentia
615 1989 810 2054 lactabatur.
855 1989 886 2053 4.
917 1986 1106 2053 accenderat

84 2097 185 2159 super
214 2075 266 2142 his
296 2077 468 2143 incitatum
489 2079 696 2164 propositum
720 2076 760 2142 ad
789 2077 969 2143 nocendum
997 2076 1108 2162 aliqua

85 2163 207 2228 mulier
238 2167 323 2250 uilis,
356 2190 438 2252 quae
468 2169 509 2233 ad
540 2168 701 2253 palatium
728 2169 765 2231 ut
791 2170 985 2251 poposcerat
1008 2165 1109 2229 intro·
1171 2171 1174 2176 ’
1249 2173 1250 2176 ’

84 2253 191 2318 missa
222 2255 357 2320 insidias
381 2257 412 2320 ei
441 2257 583 2322 latenter
606 2256 739 2322 obtendi
771 2256 958 2341 prodiderat
981 2277 1001 2318 a
1023 2253 1109 2317 mili-

83 2343 176 2408 tibus
200 2344 451 2410 obscurissimis.
488 2368 586 2431 quam
609 2343 825 2411 Constantina
848 2343 996 2408 exultans
1019 2346 1056 2406 ut
1075 2341 1110 2406 in

48 2452 73 2490 2⁵
85 2436 159 2498 tuto
184 2433 251 2498 iam
274 2434 382 2500 locata
405 2435 518 2500 mariti
540 2436 646 2500 salute
669 2437 873 2500 muneratam
893 2431 1108 2516 uehiculoque

86 2522 268 2606 inpositam
296 2546 355 2608 per
383 2526 494 2609 regiae
527 2525 641 2590 ianuas
670 2523 780 2588 emisit
807 2523 842 2588 in
869 2521 1044 2606 publicum,
1071 2523 1110 2584 ut

86 2610 137 2675 his
172 2611 347 2678 inlecebris
381 2614 465 2679 alios
499 2635 626 2699 quoque
658 2612 699 2678 ad
730 2611 902 2678 indicanda
933 2610 1109 2694 proliceret

86 2700 181 2783 paria
194 2702 249 2766 uel
273 2703 408 2768 maiora.
431 2701 461 2768 5.
483 2706 560 2786 post
582 2702 663 2767 haec
678 2701 792 2766 Gallus
807 2699 1013 2784 Hierapolim
1035 2719 1108 2783 pro-

86 2789 231 2856 fecturus
246 2795 283 2857 u't
298 2791 495 2876 expeditioni
509 2791 615 2876 specie
630 2795 723 2856 tenus
738 2790 875 2874 adesset,
895 2785 1112 2854 Antiochensi

47 2899 73 2938 a
87 2879 178 2962 plebi
192 2881 386 2964 suppliciter
395 2881 581 2947 obsecranti
594 2884 632 2947 ut
645 2879 771 2945 inediae
780 2878 969 2964 dispelleret
978 2879 1111 2958 metum,

87 2990 170 3052 quae
192 2991 255 3053 per
277 2970 398 3036 multas
421 2969 629 3054 difficilisque
644 2991 757 3034 causas
777 2967 887 3033 adfore
910 2967 977 3030 iam
1001 2987 1109 3058 spera-

87 3057 193 3143 batur,
217 3080 286 3124 non
307 3063 344 3124 ut
366 3080 437 3124 mos
462 3063 513 3124 est
535 3059 746 3144 principibus,
766 3077 902 3142 quorum
916 3054 1032 3120 diffusa
1054 3076 1112 3139 po·

156 3340 187 3392 *1
206 3357 225 3410 p
243 3339 356 3396 minuas
381 3339 408 3394 V
421 3341 550 3410 praemia
572 3341 587 3394 b
641 3355 693 3410 per
709 3340 809 3394 ianuas
827 3338 971 3407 Kicsslr'aq
987 3335 1110 3405 pertina-

90 3405 148 3460 cius
170 3407 205 3462 0.
225 3407 262 3462 F.
285 3407 328 3468 W.
345 3408 452 3463 Malta
494 3414 511 3462 4
529 3407 590 3464 sim'
605 3408 686 3476 'aque
706 3405 733 3461 G
751 3407 780 3461 et
801 3405 903 3460 similia
920 3420 991 3474 quae
1014 3402 1065 3457 VP
1082 3402 1113 3479 et

91 3473 194 3532 similia
217 3475 253 3530 ba
289 3475 504 3532 vdisseminata
524 3475 650 3531 Valesius
672 3473 847 3554 dissimulata
873 3471 954 3526 Van
989 3477 1021 3526 10
1039 3469 1111 3524 anti-

91 3541 175 3600 chiais
198 3543 252 3598 VP
287 3551 320 3600 23
337 3544 441 3600 insidia
458 3560 487 3598 se
505 3543 535 3598 in
551 3543 578 3598 V
609 3543 816 3598 recondentis
838 3541 890 3596 VP
924 3546 957 3595 25
974 3540 1037 3593 tuto
1059 3535 1114 3590 (ΞΑ

92 3613 150 3666 toto
176 3605 229 3666 VP
264 3619 297 3667 32
316 3616 360 3666 est
376 3613 428 3682 buo
447 3612 469 3666 ὅσ
491 3612 516 3666 V
