2430 3928
371 191 628 248 CONSTANTIVS
646 199 696 248 355
999 196 1039 260 67

60 337 160 418 regiam
192 334 272 400 huno
308 357 439 400 uersum
476 357 515 400 ex
543 335 718 401 Homerico
756 338 898 402 carmine
937 361 1042 404 susur-

57 425 134 488 rebat

107 515 209 596 ἔλλαβε
230 508 421 598 πορφύρεος
443 509 593 590 θάνατος
615 513 670 580 καὶ
693 527 795 600 μοῖρα
818 513 968 601 κραταιή.

54 601 125 666 Haec
145 603 223 667 diem
255 606 405 668 octauum
432 603 543 667 iduum
569 602 805 671 Nouembrium
838 609 932 691 gesta
963 611 1039 671 sunt

34 714 109 756 rcum
132 691 339 757 Arbetionem
366 692 532 758 consulem
560 716 662 760 annus
694 697 832 760 haberet
860 699 893 759 et
919 695 1040 761 Lollia

52 803 119 844 num.
149 783 196 846 18.
210 781 324 846 deinde
336 781 448 846 dicbus
457 781 569 864 paucis
583 783 711 850 Helena
724 785 852 870 uirgine
868 783 1038 850 Constanti

51 893 138 934 sorore
160 871 262 936 eidem
285 867 417 935 Caesari
439 871 543 954 iugali
570 872 698 939 foedere
723 876 875 958 copulata
900 875 1037 959 paratis-

51 981 97 1041 que
119 961 285 1042 uniuersis,
314 981 395 1044 quae
423 961 594 1026 maturitas
622 964 846 1047 proficiscendi
873 964 1038 1048 poscebat,

50 1048 178 1114 comitatu
190 1071 293 1133 paruo
308 1052 458 1132 suscepto
473 1049 620 1116 kalendis
635 1051 867 1118 Decembribus
887 1071 1036 1137 egressus

22 1143 86 1200 uest
107 1138 316 1223 deductusque
345 1138 386 1202 ab
409 1136 558 1222 Augusto
586 1141 626 1204 ad
654 1164 755 1226 usque
783 1143 890 1207 locum
914 1142 1037 1206 duabus

48 1227 179 1292 columnis
203 1228 377 1312 insignem,
400 1228 455 1310 qui
477 1227 681 1295 Laumellum
704 1232 875 1296 interiacet
898 1235 931 1294 et
954 1230 1038 1296 Tici-

47 1337 117 1399 num,
141 1317 313 1382 itineribus
342 1317 439 1381 rectis
464 1315 621 1384 Taurinos
648 1322 811 1404 peruenit,
839 1321 895 1384 ubi
922 1321 1037 1386 nuntio

45 1406 208 1484 percellitur
233 1407 337 1490 graui,
361 1407 416 1489 qui
438 1428 540 1490 nuper
553 1408 588 1472 in
602 1411 790 1474 comitatum
803 1409 946 1492 Augusti
968 1431 1039 1492 per-

46 1492 111 1557 latus
121 1495 155 1559 de
169 1496 333 1560 industria
342 1495 500 1559 silebatur
509 1518 550 1560 ne
563 1502 678 1581 parata
691 1499 886 1563 diffluerent.
920 1498 970 1562 19.
991 1499 1037 1562 in-

18 1580 151 1648 radicabat
176 1589 287 1650 autem
315 1583 485 1650 Coloniam
507 1583 737 1672 Agrippinam,
767 1587 868 1671 ampli
895 1587 1038 1650 nominis

43 1671 134 1736 urbem
163 1675 198 1737 in
230 1673 372 1738 secunda
404 1671 592 1758 Germania,
628 1677 788 1759 pertinaci
824 1676 1037 1740 barbarorum

44 1759 187 1826 obsidione
202 1766 382 1827 reseratam
396 1765 524 1846 magnis
538 1763 663 1830 uiribus
678 1770 711 1830 et
720 1766 869 1830 deletam.
905 1765 957 1829 20.
972 1787 1036 1848 quo

42 1870 163 1915 macrore
185 1852 356 1935 perculsus
379 1852 471 1916 uelut
491 1852 598 1936 primo
619 1855 862 1919 aduentantium
877 1854 1036 1919 malornm

42 1940 161 2022 auspicio
184 1963 391 2006 murmurans
416 1940 558 2026 querulis
573 1943 707 2007 uocibus
722 1966 817 2028 saepe
833 1943 1038 2008 audiebatur:

13 2027 104 2090 anihil
125 2052 157 2093 se
180 2030 258 2113 plus
283 2030 469 2096 adsecutum
493 2052 589 2115 quam
612 2036 649 2096 ut
672 2034 857 2115 occupatior
879 2032 1037 2097 interiret.

40 2114 214 2202 licumque
223 2118 387 2184 Viennam
397 2119 549 2202 uenisset,
563 2120 799 2204 ingredientem
810 2125 958 2205 optatum
968 2120 1036 2204 qui-

40 2203 95 2268 dem
114 2211 145 2271 et
166 2207 413 2291 impetrabilem
435 2206 611 2274 honorifice
626 2214 813 2294 susceptura
828 2211 931 2274 omnis
947 2212 1035 2274 aetas

40 2297 230 2362 concurrebat
263 2299 296 2361 et
327 2297 469 2381 dignitas
500 2299 677 2383 proculque
709 2299 816 2364 uisum
847 2299 941 2382 plebs
969 2298 1038 2362 uni-

37 2405 113 2448 uersa
134 2409 207 2452 oum
232 2386 402 2451 uicinitate
426 2387 573 2469 finitima,
596 2387 827 2471 imperatorem
845 2387 1037 2450 clementem

10 2474 185 2554 cappellam
212 2478 249 2540 et
270 2474 426 2559 faustum,
453 2477 588 2559 praeuia
610 2477 759 2542 consonis
782 2476 932 2540 laudibus
956 2475 1036 2539 cele

38 2558 144 2648 trabat,
173 2564 304 2630 auidius
331 2586 484 2650 pompam
507 2565 633 2650 regiam
659 2567 693 2631 in
716 2565 861 2650 principe
885 2564 1034 2648 legitimo

37 2670 160 2718 remens:
186 2654 472 2738 communiumque
487 2654 664 2720 remedium
679 2676 904 2720 aerumnarum
917 2653 953 2718 in
967 2654 1035 2718 eius

35 2736 144 2806 locabat
166 2744 322 2827 aduentu,
345 2743 521 2808 salutarem
536 2743 695 2827 quendam
718 2745 850 2828 genium
864 2742 1035 2808 adfulsisse

35 2831 228 2897 conclamatis
251 2833 393 2916 negotiis
418 2832 586 2896 arbitrata.
609 2832 751 2898 22.tuno
775 2855 853 2898 anus
878 2830 1036 2916 quaedam

8 2917 113 2984 sorba·
127 2921 310 2986 luminibus
343 2943 414 2986 cum
451 2921 669 3004 percontando
703 2923 836 3007 quinam
869 2923 955 2985 esset
990 2919 1036 2982 in-

85 3147 153 3202 311.
165 3148 190 3202 E
204 3153 238 3203 83
259 3148 482 3204 ΙΤΟΡΦΥΡΕΟ(
499 3148 557 3202 VP.
571 3149 706 3204 ΘλΝΤΟ(
718 3141 829 3206 Plch
853 3146 905 3200 VP
918 3145 968 3200 καὶ
983 3145 1037 3199 GA

32 3209 181 3273 ΜΥΡῦΤΕΗ
207 3216 235 3270 V
252 3210 401 3275 Mlel'ec
419 3216 447 3269 P
465 3223 552 3286 μοῖρα
569 3216 693 3285 κραταιή
714 3215 767 3268 GA
829 3220 846 3267 4
864 3214 941 3268 diem
959 3215 1034 3268 octa-

31 3348 85 3386 uum
100 3334 247 3406 Kiesslinp
264 3335 311 3388 die
330 3295 463 3388 octaliiiin
485 3333 511 3386 V
577 3335 655 3390 buir
676 3335 682 3347 ’
706 3349 789 3390 eoru.
808 3334 841 3403 ὁρ
876 3332 1034 3387 *constanti

31 3401 107 3454 uer
156 3401 387 3458 11Laumellum
408 3401 434 3454 G
450 3401 615 3456 laomellum
665 3403 721 3457 ΑΡ
769 3409 801 3456 13
818 3399 984 3470 percullitur
1005 3398 1034 3452 P

31 3482 194 3584 refilitur
222 3522 248 3576 V
272 3522 321 3591 (cn
342 3506 501 3576 addsmon.
519 3523 585 3588 rec.)
630 3528 660 3576 17
687 3521 812 3576 delatam
842 3519 893 3596 V?
932 3522 964 3569 22
982 3517 1034 3569 im-
1129 3505 1136 3513 “

30 3590 276 3728 tbibbliimbqgff
302 3590 504 3657 imperatorem
523 3591 556 3659 by
624 3595 657 3644 29
687 3587 888 3644 conclamantis
904 3584 1035 3652 VPcon-

823 3736 860 3791 5*
