2430 3928
253 181 511 240 CONSTANTIVS
528 182 575 238 ET
594 181 767 238 IVLIANVS
785 187 834 237 357
1007 184 1051 250 95

61 329 140 392 nium
159 329 248 394 uenit
270 327 503 394 comitantibus
527 326 623 391 sociis
651 325 846 410 libratisque
870 324 925 389 diu
953 347 1052 410 super

59 440 119 500 pace
139 418 288 502 consiliis,
312 439 410 502 quam
432 416 561 482 fundari
588 437 684 499 posse
713 437 785 478 cum
808 415 917 478 Persis
941 413 1050 480 Muso-

58 508 151 572 nianus
165 507 348 590 rettulerat,
369 507 405 571 in
428 506 588 572 orientem
611 527 684 570 cum
708 504 889 588 magisterii
912 504 1051 568 remitti·

57 606 98 660 tur
115 601 286 680 potestate,
310 597 473 680 prouectis
488 617 504 659 e
520 595 684 660 consortio
708 597 820 658 nostro
836 593 876 657 ad
890 594 1051 678 regendos

39 686 157 752 auilites
177 691 258 752 natu
280 686 469 768 maioribus,
496 684 719 750 adulescentes
743 705 817 746 eum
845 684 935 767 sequi
962 683 1051 748 iube·

57 797 123 859 nur,
143 776 293 862 quicquid
315 797 373 859 pro
397 797 431 838 re
455 774 586 859 publica
608 773 811 837 mandauerit
833 772 1010 856 impleturi.

127 862 179 930 ll.
193 868 221 931 1.
235 865 283 930 At
295 863 416 930 Caesar
432 868 545 928 exacta
559 863 644 947 apud
660 861 804 926 Senonas
818 862 925 926 hieme
939 862 1052 926 turbu-

56 953 407 1040 lenta,August0nouies
418 975 515 1038 seque
526 953 646 1018 iterum
656 950 1050 1016 consulibusGermanicis

56 1043 171 1129 rudique
204 1043 540 1108 circumfrementibus
572 1041 684 1123 minis,
712 1040 859 1104 secundis
887 1041 1051 1105 ominibus

29 1159 46 1195 u
56 1137 141 1198 notus
152 1134 275 1198 Remos
289 1133 478 1217 properauit
492 1132 630 1196 alacrior
644 1131 812 1214 magisque
832 1130 946 1213 laetus,
965 1131 1051 1214 quod

55 1224 210 1288 exercitum
232 1223 370 1308 regebat
394 1220 532 1288 Seuerus
559 1243 619 1285 nec
641 1219 763 1284 discors
791 1241 849 1282 neo
880 1219 1051 1304 adrogans,

55 1312 96 1374 sed
115 1313 211 1398 longa
233 1313 372 1378 militiae
395 1311 586 1396 frugalitate
609 1312 782 1392 conpertus
806 1313 839 1372 et
866 1331 939 1372 eum
962 1314 1053 1372 recta

54 1408 242 1481 praeeuntem
275 1405 441 1466 secuturus
471 1404 509 1464 ut
536 1401 702 1464 ductorem
734 1398 915 1482 morigerus
948 1398 1053 1461 miles.

53 1492 74 1552 2.
89 1497 176 1574 parte
191 1493 258 1557 alia
270 1491 428 1556 Barbatio
451 1493 527 1574 post
541 1488 667 1554 Siluani
690 1487 859 1551 interitum
881 1491 1052 1570 promotus

25 1579 83 1644 aad
101 1582 245 1664 peditum
266 1580 492 1666 magisterium
516 1601 555 1643 ex
573 1577 672 1642 Italia
695 1578 785 1641 iussu
807 1576 964 1660 principis
979 1598 1053 1640 cum

51 1668 127 1736 XXV
139 1671 273 1736 milibus
296 1674 495 1736 armatorum
509 1668 674 1733 Rauracos
697 1667 797 1732 uenit.
820 1666 850 1730 3.
870 1665 1052 1750 cogitatum

53 1763 91 1822 eat
104 1762 185 1825 enirn
200 1760 405 1844 solliciteque
429 1761 677 1842 praestructum,
700 1760 737 1821 ut
760 1755 940 1820 saeuientes
964 1755 1053 1820 ultra

52 1849 168 1914 solitum
189 1849 367 1914 Alamanni
390 1852 612 1932 uagantesque
635 1846 738 1910 fusius
764 1845 974 1910 multitudine
998 1864 1052 1928 ge·

53 1938 159 2005 minata
185 1944 373 2004 nostrorum
403 1937 538 2020 forcipis
571 1936 677 2018 specie
709 1935 792 1999 trusi
820 1935 855 1998 in
883 1933 1052 2018 angustias

25 2029 254 2094 caederentur.
276 2029 307 2093 4.
325 2028 402 2092 dum
416 2027 497 2091 haec
510 2031 623 2090 tamen
644 2025 707 2088 rite
727 2024 890 2107 'disposita
913 2023 1053 2087 celeran-

53 2126 103 2201 tur,
122 2119 214 2184 Laeti
236 2117 370 2182 barbari
393 2117 434 2182 ad
456 2115 653 2199 tempestiua
681 2113 770 2178 furta
793 2113 944 2178 sollertes
967 2112 1054 2175 inter

52 2208 213 2292 turiusque,
226 2207 387 2272 exercitus
411 2210 519 2270 castra
532 2204 658 2268 occulte
682 2202 881 2286 transgressi
903 2202 1052 2265 inuasere

53 2294 229 2381 Lugdunum
251 2298 425 2378 incautam,
447 2315 581 2378 eamque
604 2293 794 2376 populatam
809 2292 843 2356 ui
865 2292 966 2355 arbita
981 2311 1054 2352 con-

52 2392 244 2470 cremassent,
257 2387 293 2451 ni
307 2386 425 2450 clausis
441 2384 584 2449 aditibus
598 2381 779 2465 repercussi
794 2379 946 2464 quicquid
963 2381 1055 2442 extra

25 2492 42 2527 u
53 2476 190 2558 oppidum
203 2475 312 2560 potuit
326 2474 467 2539 inueniri
480 2476 675 2537 uastassent.
694 2471 724 2536 5.
739 2492 803 2555 qua
816 2469 906 2533 clade
922 2467 1055 2552 cognita

53 2565 122 2646 agili
148 2565 255 2631 studio
279 2562 398 2630 Caesar
426 2563 535 2628 missis
565 2562 673 2626 cuneis
701 2560 806 2624 tribus
835 2559 980 2643 equitum
1004 2579 1055 2621 ex-

53 2654 217 2732 peditorum
232 2659 266 2720 ct
288 2653 424 2720 fortium
437 2652 502 2717 tria
517 2650 705 2716 obseruauit
727 2649 846 2714 itinera
869 2649 973 2713 sciens
996 2669 1055 2730 per

55 2763 87 2804 ea
113 2749 279 2828 erupturos
311 2743 424 2827 procul
457 2741 555 2806 dubio
589 2743 805 2825 grassatores:
833 2760 893 2802 nec
920 2742 1054 2802 conatus

53 2830 155 2898 inritus
169 2834 241 2900 fuit.
265 2834 296 2899 6.
316 2832 440 2897 cunctis
456 2832 542 2896 enim
565 2830 620 2914 qui
642 2851 700 2912 per
715 2850 770 2893 eos
785 2828 934 2894 tramites
949 2825 1055 2889 exiere

23 2942 42 2971 a
55 2923 196 2988 truncatis
219 2927 413 3007 receptaque
436 2921 557 3005 praeda
580 2915 832 3000 omni'intacta,
860 2916 895 2980 hi
924 2913 985 2979 soli
1008 2913 1056 2977 in-

53 3011 132 3076 noxii
149 3013 292 3078 absoluti
315 3015 399 3095 sunt,
423 3011 479 3096 qui
500 3032 559 3094 per
581 3008 707 3074 uallum
721 3005 928 3072 Barbationis
952 3009 1056 3068 trans-

55 3099 111 3162 iere
132 3103 244 3188 securi,
266 3102 339 3167 ideo
363 3093 432 3166 labi
455 3099 619 3183 permissi,
643 3096 730 3181 quod
750 3093 975 3160 Bainobaudes
999 3093 1057 3158 tri·

55 3252 250 3264 Ἢ.-

115 3325 125 3370 1
143 3321 221 3374 sociis
240 3321 293 3390 bpa
310 3319 375 3374 solis
396 3318 447 3372 VP
483 3323 497 3371 7
515 3316 682 3372 turbulenta
700 3345 730 3355 -
748 3319 765 3367 8
783 3311 944 3368 consulibus
960 3324 1011 3363 orn.
1023 3311 1056 3377 tq

58 3385 156 3442 consue
175 3389 255 3444 VAP
307 3396 323 3444 9
341 3385 483 3442 ominibus
503 3385 557 3439 ΘΑ
574 3381 705 3438 omnibus
727 3382 794 3436 VPb
852 3379 972 3434 rumori
993 3393 1057 3429 erus

58 3451 178 3512 Pacatus
192 3457 365 3528 morigerum
384 3455 463 3524 qua
480 3453 655 3532 murigerum
677 3451 703 3505 V
763 3456 794 3504 21
813 3448 890 3502 furta
909 3447 962 3500 ΘΑ
973 3393 1055 3496 lnrto

63 3518 117 3576 VPb
155 3531 185 3580 23
202 3527 232 3578 ui
250 3525 345 3580 subita
356 3523 519 3578 Hammona
536 3539 599 3575 meu
628 3521 679 3574 lac.
694 3526 725 3574 10
738 3519 792 3572 litt.
815 3513 1057 3592 aconcremassent

63 3586 104 3641 VP
133 3597 163 3648 28
179 3609 232 3648 nec
250 3593 368 3648 conatus
388 3591 517 3645 Valesius
533 3605 605 3644 neco
635 3589 685 3643 tac.
704 3595 719 3642 6
738 3588 790 3641 litt.
822 3583 912 3637 inantr
928 3581 980 3634 VP
998 3579 1056 3634 Nec

60 3661 159 3714 conatus
176 3661 328 3716 destinanti
346 3661 374 3714 A
391 3675 443 3714 nec
461 3659 537 3728 quod
556 3656 749 3710 destinauerat
765 3655 799 3722 tp
