2530 3922
137 161 180 228 22
495 159 577 216 rnu
595 167 619 226 e,
639 164 671 213 ar
691 194 722 203 -
741 163 765 227 r,
785 165 800 215 5

136 309 305 391 tergentes
328 306 444 372 iactari
471 305 649 370 uolucriter
672 304 773 388 gyris,
800 301 1085 387 dumexprimunt
1108 301 1156 368 in·

137 418 272 462 numera
295 396 479 478 simulacra,
503 417 584 481 quae
608 394 728 460 finxere
751 393 882 458 fabulae
906 391 1096 457 theatrales.

226 486 278 550 21.
302 485 388 551 Illud
403 487 511 550 autem
524 505 591 548 non
603 483 772 548 dubitatur
791 481 877 568 quod
900 504 974 548 oum
988 485 1074 546 esset
1097 480 1156 546 ali-

138 575 265 660 quando
288 575 448 640 uirtutum
471 574 616 639 omnium
638 572 838 636 domicilium
856 570 971 654 Roma,
994 571 1154 656 ingenuos

137 665 278 730 aduenas
296 665 443 750 plerique
457 663 627 746 nobilium,
649 665 686 727 ut
699 660 867 727 Homerici
879 662 1035 726 bacarum
1049 659 1156 726 suaui-
1170 674 1185 714 5

135 757 205 818 tate
227 753 424 840 Lotophagi,
447 752 661 819 humanitatis
685 751 943 816 multiformibus
967 749 1083 815 officiis
1105 771 1156 814 re-

136 843 319 908 tentabant.
343 845 590 910 221111111110
614 841 727 907 inanes
741 841 838 906 flatus
863 839 1064 927 quorundam
1087 839 1155 904 uile

137 955 208 998 esse
223 932 375 1018 quioquid
398 937 490 998 extra
513 931 603 998 urbis
617 931 799 1016 pomerium
816 930 963 996 nascitur
977 929 1156 995 aestimant

136 1025 266 1107 praeter
290 1022 387 1088 orbos
412 1025 445 1088 et
468 1021 618 1105 caelibes,
648 1043 708 1086 nee
731 1019 819 1086 credi
841 1023 952 1104 potest
975 1042 1039 1103 qua
1062 1019 1156 1083 obse-

136 1111 286 1197 quiorum
309 1112 499 1178 diuersitate
524 1111 674 1177 coluntur
696 1110 845 1176 homines
870 1109 939 1173 sine
963 1107 1201 1172 liberisRo-10

135 1223 217 1266 mae.
245 1202 297 1267 23.
319 1205 352 1266 ct
366 1202 519 1288 quoniam
534 1200 619 1286 apud
634 1222 689 1266 eos
703 1203 740 1264 ut
767 1199 922 1283 incapite
937 1197 1049 1262 mundi
1071 1219 1156 1262 mor-

135 1291 252 1356 borum
285 1292 479 1357 acerbitates
513 1290 630 1358 oelsius
662 1289 883 1373 dominantur,
917 1288 957 1352 ad
990 1309 1070 1372 quos
1100 1287 1157 1352 uel

136 1381 295 1446 sedandos
324 1382 430 1446 omnis
460 1380 621 1466 professio
652 1379 800 1444 medendi
828 1377 996 1462 torpescit,
1027 1377 1156 1460 excogi-

135 1474 242 1536 tatum
273 1473 322 1534 est
353 1471 584 1537 adminiculum
615 1467 772 1554 sospitale
795 1468 893 1553 nequi
916 1465 1056 1532 amicum
1083 1488 1156 1550 per-

135 1561 293 1624 ferentem
324 1561 445 1625 similia
476 1560 595 1644 uideat,
627 1559 834 1643 additumque
865 1561 917 1622 est
949 1555 1202 1621 cautionibus1⁵

136 1649 248 1732 paucis
271 1649 449 1714 remedium
473 1649 562 1714 aliud
586 1647 668 1713 satis
686 1647 840 1731 ualidum,
863 1652 899 1711 ut
919 1645 1061 1711 famulos
1084 1667 1157 1729 per-

136 1740 303 1802 contatum
326 1739 443 1804 missos
465 1760 561 1824 quem
593 1737 633 1802 ad
662 1737 795 1802 modum
827 1736 958 1801 ualeant
990 1733 1060 1800 noti
1091 1735 1157 1799 hac

136 1826 340 1911 aegritudine
355 1827 513 1913 colligati,
535 1849 601 1893 non
624 1830 700 1892 ante
723 1826 884 1911 recipiant
902 1824 1033 1890 domum
1056 1846 1158 1909 quam

135 1915 267 1981 lauacro
294 1917 507 2001 purgauerint
535 1939 661 2001 eorpus.
707 1917 755 1981 ita
783 1915 893 1980 etiam·
911 1915 1026 1980 alienis
1050 1913 1155 1979 oculis

135 2005 207 2070 uisa
221 2007 377 2070 metuitur
391 2006 492 2072 labes.
520 2007 573 2072 24.
594 2006 650 2071 sed
663 2009 776 2070 tamen
788 2005 870 2070 haee
893 2027 966 2070 cum
980 2004 1028 2069 ita
1049 2003 1156 2068 tutius
1174 2019 1203 2058 20

135 2094 356 2179 obscruentur,
387 2096 519 2180 quidam
548 2096 662 2181 uigore
697 2099 826 2160 artuum
856 2095 1016 2160 inminuto
1044 2093 1157 2178 rogati

135 2183 176 2248 ad
204 2184 336 2269 nuptias
366 2185 423 2250 ubi
447 2209 562 2252 aurum
584 2185 707 2250 dextris
731 2185 882 2250 manibus
907 2183 1031 2249 canatis
1062 2183 1158 2247 offer-

133 2276 197 2364 tur,
220 2274 348 2359 inpigre
372 2274 425 2340 uel
448 2298 550 2360 usque
566 2274 749 2360 Spoletium
771 2278 922 2360 pergunt.
959 2273 1040 2338 haec
1062 2271 1157 2338 uobi-

135 2363 217 2430 lium
240 2368 316 2429 sunt
339 2365 471 2431 institut

224 2453 276 2519 25.
299 2454 351 2519 le
363 2455 461 2520 turba
475 2477 552 2520 uero
567 2454 652 2518 imae
667 2454 765 2520 sortis
780 2457 814 2519 et
829 2453 1042 2538 paupertinae
1056 2451 1091 2517 in
1105 2454 1156 2515 ta·
1173 2465 1202 2506 2⁵

136 2542 247 2606 bernis
272 2543 374 2628 aliqui
402 2547 598 2628 pernoctant
629 2543 780 2628 uinariis,
810 2563 876 2608 non
904 2543 988 2608 nulli
1010 2540 1156 2607 'uelariis

135 2631 397 2696 umbraculorum
411 2631 624 2698 theatralium
638 2633 752 2717 latent,
771 2653 853 2718 quae
869 2630 1070 2717 Campanam
1083 2630 1158 2694 imi-

135 2724 223 2786 tatus
247 2720 417 2786 lasciuiam
432 2718 568 2786 Catulus
591 2721 626 2786 in
641 2720 809 2787 aedilitate
833 2743 891 2786 sua
907 2721 1074 2806 suspendit
1088 2741 1159 2784 om-

134 2809 226 2874 nium
248 2809 386 2894 primum
410 2814 468 2876 aut
490 2811 683 2896 pugnaciter
707 2811 786 2876 aleis
811 2814 938 2876 certant
956 2810 1045 2896 turpi
1073 2829 1156 2874 sono

134 2897 277 2984 fragosis
300 2900 434 2966 naribus
458 2901 636 2966 introrsum
659 2900 791 2966 reducto
821 2899 939 2985 spiritu
962 2919 1158 2982 concrepari·
1174 2916 1200 2955 30

134 2990 201 3072 tes3
234 2993 291 3054 aut
322 2992 406 3076 quod
437 2994 486 3056 est
516 2989 697 3054 studiorum
727 2991 872 3056 omnium
904 2987 1081 3054 maximum
1111 2987 1155 3052 ab

135 3080 209 3142 ortu
232 3079 313 3144 lucis
338 3080 378 3144 ad
400 3102 570 3164 uesperam
593 3080 662 3144 sole
685 3079 841 3144 fatiscunt
864 3079 918 3144 uel
940 3077 1072 3163 pluuiis,
1096 3099 1158 3161 per

204 3347 218 3396 1
236 3321 390 3398 uolucriter
407 3344 484 3414 gyris
503 3343 663 3400 Groreouirm
679 3343 811 3399 uoluetur
829 3359 843 3396 o
864 3342 901 3396 ris
923 3340 950 3394 V
984 3347 1013 3396 11
1032 3341 1109 3411 apud
1129 3341 1159 3395 G

134 3410 188 3478 put
208 3409 260 3464 ΥΡ
293 3411 456 3466 morborum
476 3413 502 3466 G
519 3428 599 3480 orum
620 3411 672 3466 VP
715 3412 833 3465 161111
855 3411 881 3466 d.
901 3410 952 3464 alul
971 3425 986 3462 o
1002 3423 1053 3464 oca
1074 3409 1157 3464 codd.

136 3483 169 3532 17
186 3477 248 3532 noti
264 3478 317 3534 hac
332 3479 358 3534 θ
375 3496 432 3534 non
449 3479 558 3535 haeoV
591 3485 623 3534 13
642 3478 803 3550 perguntG
820 3478 945 3548 perdunt
982 3477 1009 3532 P
1043 3483 1077 3532 11
1089 3479 1160 3532 sunt

134 3561 278 3634 Kicsslbro
295 3565 339 3620 eat
359 3563 411 3619 VP
445 3569 478 3619 16
495 3564 611 3620 uinariis
631 3564 658 3618 G
675 3561 841 3618 lomariisP
858 3553 1046 3633 <ul>ariisV
1077 3561 1159 3617 uela-

135 3629 184 3686 riis
202 3632 302 3701 scripsi
319 3632 443 3688 uelabris
456 3633 534 3689 codd.
571 3631 763 3688 281asorilam
785 3630 836 3687 VP
871 3638 904 3688 31
916 3631 980 3686 ortu
991 3630 1036 3686 lus
1049 3629 1086 3684 ad
1103 3629 1161 3688 ΥΡ
