2530 3922
270 221 523 280 CONSTANTIVS
541 224 589 278 ET
608 223 748 280 GALLVS
767 229 816 280 353
1029 227 1069 292 17

147 365 177 432 6.
196 367 222 430 1.
245 365 335 432 Inter
348 363 439 450 haecJ
445 365 566 432 Orfitus
582 367 737 453 praefecti
750 371 914 452 potestate
928 369 1065 454 regebat

72 455 167 520 urbem
190 459 358 522 aeternam
379 457 466 522 ultra
489 457 621 522 modum
644 457 771 522 delatae
795 458 966 542 dignitatis
996 481 1066 524 sese

73 545 187 610 efferens
213 545 400 632 insolenter,
427 545 478 611 uir
505 546 634 630 quidem
662 548 800 630 prudens
829 551 862 612 et
889 547 1068 614 forensium

72 634 258 718 negotiorum
282 635 400 719 oppido
428 656 569 721 ¹gnarus,
602 635 656 702 sed
681 636 852 722 splendore
881 637 1067 706 liberalium

52 723 272 790 rdoctrinarum
292 724 400 790 minus
425 747 522 809 qnam
544 726 688 792 nobilem
713 726 863 792 decuerat
886 727 1066 808 institutus,

70 833 120 895 quo
141 812 385 882 administrante
409 814 583 879 seditiones
599 819 675 880 suut
689 816 870 880 concitatae
891 835 1007 900 graues
1024 816 1066 880 ob

69 901 194 984 inopiam
215 903 300 968 uini:
322 903 419 968 huius
443 903 547 968 auidis
571 905 683 968 usibus
707 905 825 990 uulgus
849 905 1011 972 intentum
1027 905 1066 968 ad

69 994 159 1055 notus
182 1015 313 1077 asperos
337 993 497 1058 excitatur
520 997 553 1057 et
576 994 715 1058 crebros.

141 1082 169 1146 2.
194 1082 243 1149 ,nt
266 1083 420 1168 quoniam
442 1083 556 1147 mirari
578 1105 673 1167 posse
697 1083 854 1168 quosdam
877 1083 1067 1168 peregrinos

42 1192 58 1228 a
69 1170 199 1236 existimo
209 1171 292 1237 haec
301 1173 441 1238 lectruos
451 1172 601 1257 forsitan,
616 1173 644 1237 si
659 1173 841 1257 contigerit,
857 1174 1068 1258 quamobrem

67 1281 125 1324 eum
147 1261 252 1326 oratio
283 1262 323 1329 ad
351 1285 389 1328 ea
411 1261 623 1327 monstranda
646 1262 812 1327 deflexerit
840 1283 922 1347 quae
944 1262 1068 1327 Romae

67 1354 247 1435 gererentur,
268 1351 352 1417 nihil
365 1355 495 1434 praeter
509 1351 684 1416 seditiones
698 1355 850 1416 narratur
864 1356 897 1415 et
915 1351 1068 1415 tabernas

67 1439 241 1508 cruditates
266 1439 382 1506 harum
405 1440 523 1506 similis
547 1441 639 1525 alias,
663 1441 851 1506 summatim
866 1463 980 1504 causas
1000 1462 1070 1524 per-

67 1526 210 1610 stringam
241 1551 404 1614 nusquam
431 1553 451 1594 a
479 1529 617 1594 ueritate
646 1533 761 1613 sponte
788 1530 921 1614 propria
949 1529 1069 1613 digres-

38 1635 153 1680 uacuus.

139 1706 167 1772 3.
191 1705 354 1792 Tempore
370 1729 432 1792 quo
448 1708 562 1793 primis
578 1708 730 1792 auspiciis
747 1708 782 1771 in
795 1707 993 1772 mundanum
1007 1707 1070 1772 ful-

64 1813 161 1874 gorem
184 1799 336 1880 surgeret
359 1797 486 1862 uietma
508 1797 584 1862 dum
607 1801 702 1862 errrut
725 1797 874 1862 homines
893 1796 1008 1880 Roma,
1033 1802 1070 1860 ut

65 1888 222 1966 augeretur
246 1886 442 1952 sublimibus
466 1886 684 1970 incrementis,
707 1886 835 1951 foedere
858 1885 1071 1973 pacissaeter-

64 1992 112 2035 rae
125 1971 238 2042 Virtus
255 1976 407 2042 conuenit
427 1981 524 2062 atque
532 1975 682 2040 Fortuna
704 1976 893 2060 plerumque
916 1975 1072 2039 dissiden-

37 2065 112 2144 ates,
133 2075 271 2147 quarunt
296 2065 325 2130 si
348 2067 452 2130 altera
474 2065 639 2149 defuisset,
668 2065 708 2129 ad
730 2065 907 2149 perfectam
930 2086 996 2128 non
1019 2087 1072 2128 ue-

65 2157 143 2216 nerat
152 2155 386 2221 summitatem.
409 2156 439 2220 4.
454 2157 521 2222 eius
535 2155 673 2240 populus
685 2155 726 2218 ab
737 2151 941 2220 incunabulis
956 2153 1071 2237 primis

65 2240 215 2327 adusque
239 2244 401 2327 pueritiae
423 2249 551 2328 tempus
571 2249 763 2328 'extremum
788 2243 873 2328 quod
896 2243 990 2307 annis
1014 2243 1073 2306 cir-

66 2331 269 2400 cumduditur
291 2333 358 2398 fere
372 2334 538 2417 trecentis,
555 2333 810 2398 circummurana
825 2331 961 2415 pertulit
978 2330 1072 2412 bella,

65 2418 163 2487 deinde
201 2425 347 2488 aetatem
379 2423 546 2507 ingressus
579 2422 724 2486 adultam
761 2426 838 2505 post
874 2420 1072 2506 multiplices

38 2505 211 2580 stallorum
248 2533 419 2578 aerumnas
450 2511 553 2595 Alpes
585 2511 787 2576 transcendit
814 2514 846 2575 et
878 2509 1007 2594 fretum,
1039 2509 1075 2574 iu

65 2597 201 2664 iuuenem
226 2605 355 2665 erectus
379 2604 411 2664 et
433 2601 540 2666 uirum
564 2600 713 2665 exomni
739 2600 839 2685 plaga
863 2594 960 2685 quarn
984 2599 1074 2664 orbis

66 2687 157 2752 ambit
193 2690 389 2774 inmensam,
423 2689 605 2774 reportauit
640 2689 768 2754 laureas
805 2694 839 2754 et
880 2688 1075 2772 triumphos,

66 2773 181 2862 iamque
205 2785 347 2864 uergens
370 2779 405 2843 in
429 2779 554 2844 senium
578 2783 611 2842 et
632 2778 763 2843 nomine
787 2779 856 2844 solo
877 2777 1075 2863 aliquotiens
1108 2793 1110 2797 ’

66 2863 183 2931 uincens
209 2868 254 2932 ad
277 2868 506 2954 tranquilliora
529 2868 617 2933 uitae
640 2867 798 2933 discessit.
843 2867 873 2933 5.
901 2868 973 2932 ideo
996 2866 1076 2931 urbs

33 2969 52 3010 a
64 2956 252 3022 uenerabilis
277 2961 353 3041 post
375 2959 531 3043 superbas
546 2958 756 3022 efferatarum·
772 2957 920 3042 gentium
934 2956 1076 3021 ceruices

64 3062 228 3126 oppressas
253 3046 407 3131 latasque
426 3049 517 3133 leges
545 3047 757 3112 fundamenta
785 3046 948 3111 libertatis
974 3050 1006 3110 et
1028 3051 1077 3110 re·

63 3131 197 3200 tinacula
222 3136 422 3219 sempiterna
444 3138 535 3202 uelut
561 3136 650 3221 frugi
676 3157 793 3220 parens
818 3139 850 3200 et
879 3136 1019 3220 prudens
1044 3140 1077 3198 et

64 3219 143 3286 diues
167 3223 368 3290 Caesaribus
391 3230 559 3312 tamquam
582 3225 695 3316 liberis
720 3225 787 3290 suis
810 3225 951 3310 regenda
977 3224 1078 3308 patri·

125 3440 137 3484 1
156 3450 192 3486 ur
209 3433 387 3506 [emetita]
407 3451 473 3488 nam
488 3435 521 3487 1⁷¹
540 3435 641 3488 urbem
660 3436 735 3490 etate
752 3451 819 3488 uam
841 3435 919 3488 V²Pr
930 3431 1035 3487 Vrbem
1050 3433 1077 3484 (τ’

66 3493 163 3554 Vrbem
180 3502 370 3556 aetemamA
405 3508 420 3556 6
455 3515 492 3556 uo
504 3501 718 3557 administrante
733 3502 847 3572 unod
859 3499 1081 3577 ministrantes

65 3570 184 3623 amous
202 3571 260 3640 hya
275 3571 423 3624 mittemus
462 3569 501 3624 P·
530 3576 560 3624 17
579 3569 727 3624 uicturaA
745 3588 779 3624 ur
795 3571 887 3624 lotura
902 3568 953 3622 VP
970 3576 1001 3620 ut
1019 3584 1077 3620 ure-

65 3635 124 3687 lura
140 3637 173 3705 by
246 3639 334 3692 asad
355 3635 483 3692 ultimam
505 3638 556 3693 VP
624 3645 655 3692 27
675 3638 785 3692 laureas
808 3640 837 3690 et
856 3636 997 3703 Kiessb'nq
1018 3635 1081 3688 lau-

66 3719 139 3758 reace
163 3703 319 3761 Vlaureae
338 3707 417 3777 Pbyc
486 3714 518 3763 30
537 3706 689 3777 superbum
712 3706 762 3759 ΓΡ

115 3801 253 3842 Annianus
269 3803 450 3846 nunciamus.
