2530 3922
438 156 655 215 Pannrsrlo.
1044 159 1099 217 Vll

103 324 159 368 non
186 301 224 368 ad
254 301 366 367 luxum
399 323 437 366 ac
468 301 624 368 desidiam
657 301 777 368 abusus
801 305 868 388 est,
891 306 928 367 ut
950 303 1097 390 plerique

103 398 164 457 turn
191 391 291 456 facere
323 391 490 457 solebant:
521 391 577 456 sed
605 393 804 477 optimarum
835 391 957 457 artium
981 393 1097 460 studiis

103 485 131 544 et
159 483 319 546 auctorum
353 479 494 546 maxime
521 479 714 547 Latinorum
742 480 876 546 lectioni
904 502 1037 566 vacans,
1064 482 1099 548 in

102 569 257 634 clarissimi
287 573 321 636 et
349 569 530 636 doctissimi
557 571 712 654 cuiusque
745 569 892 636 amicitia
919 571 1098 638 consenuit.

102 657 200 723 Testes
221 663 298 724 sunt
320 681 404 724 unus
427 663 460 724 et
474 659 613 744 triginta
625 658 849 724 Historiarum
867 658 956 744 libri,
979 659 1097 744 quibus

101 769 143 810 res
168 745 329 814 Romanas
358 748 399 812 ab
424 747 555 832 exordio
577 747 706 814 Nervae
730 747 772 813 ad
794 746 946 813 Valentis
970 749 1097 814 obItum

101 836 379 920 comprehenderat.
426 836 513 914 Quos
543 837 673 922 quidem
701 837 803 902 libros
831 835 956 902 Romae
985 837 1026 902 ab
1059 859 1097 902 eo

101 924 221 1009 scriptos
244 925 347 994 fuisse
371 927 477 992 multa
499 929 693 1012 argumenta
706 925 941 992 demonstrant.
986 925 1097 990 Primo

100 1013 173 1078 enim
198 1036 350 1082 censurae
373 1015 452 1080 illae
475 1038 552 1081 sanc
576 1035 702 1100 graves,
726 1015 844 1100 quibus
867 1015 903 1079 in
927 1015 1009 1081 vitia
1031 1015 1064 1080 N
1066 1037 1097 1100 ος

99 1100 222 1168 bilitatis
259 1105 359 1169 simul
396 1126 434 1170 ac
468 1105 575 1190 plebis
611 1104 778 1170 Romanae
815 1102 994 1188 invehitur,
1031 1126 1098 1170 non

99 1191 180 1256 modo
202 1193 237 1256 in
257 1193 345 1258 libro
369 1191 457 1258 XIV.
481 1217 507 1258 c.
530 1195 560 1260 6.
583 1193 639 1258 sed
662 1194 763 1259 etiam
785 1192 821 1258 in
842 1191 997 1258 XXVIII.
1021 1195 1096 1258 01.

100 1283 125 1343 61
152 1279 240 1366 alibi,
276 1303 344 1348 non
377 1283 417 1347 ab
455 1283 520 1348 alio
554 1305 651 1367 quam
684 1283 724 1348 ab
762 1283 852 1347 urbis
888 1280 1013 1347 Romae
1050 1281 1097 1346 in-

100 1369 209 1452 quilino
230 1371 396 1455 proficisci
418 1375 603 1456 potuerunt.
654 1369 720 1437 Cur
747 1371 834 1436 enim
859 1371 955 1436 unius
982 1370 1096 1455 populi

97 1455 177 1523 Rom.
198 1458 320 1526 delicta
342 1464 412 1527 tam
435 1464 584 1526 accurate
606 1460 744 1526 retulit?
768 1459 823 1524 An
844 1458 932 1524 solus
957 1480 994 1523 eo
1017 1463 1098 1523 tem·

97 1567 163 1628 pore
192 1549 335 1634 populus
371 1548 466 1614 Rom.
502 1550 592 1614 vitiis
626 1549 796 1616 scatebat?
832 1547 949 1614 Nonne
986 1547 1098 1612 eadem

98 1633 370 1723 Constantinopoli
398 1638 497 1704 etiam
521 1638 725 1723 agebantur?
772 1637 835 1702 Sed
861 1636 1017 1702 nimirum
1041 1636 1096 1721 qui

97 1721 205 1790 Romae
226 1727 395 1794 residebat
418 1731 452 1791 et
473 1726 631 1794 Romanis
654 1727 810 1792 historias
829 1748 904 1791 suas
927 1725 1097 1809 recitabat,

97 1811 179 1880 huius
201 1817 292 1881 modi
314 1816 600 1900 obiurgationibus
624 1817 796 1882 admonere
820 1815 906 1881 cives
920 1813 1096 1897 Romanos,

98 1907 124 1966 ct
143 1903 180 1968 ad
201 1905 373 1970 meliorem
394 1905 525 1989 frugem
547 1926 699 1970 revocare
719 1905 879 1989 cupiebat.
923 1901 1098 1968 Praeterea

97 1990 170 2057 idem
199 1994 345 2060 ostendIt
372 1993 579 2078 reprehensio
608 1992 774 2059 Senatoris
806 1992 974 2058 cuiusdam
1002 1991 1096 2057 Rom.

97 2101 165 2164 quae
186 2083 310 2168 legitur
332 2083 368 2152 in
389 2083 550 2168 principio
573 2083 651 2149 libri
673 2081 792 2148 XXVI.
839 2081 901 2146 Sed
915 2081 950 2145 in
964 2080 1096 2146 exordio

96 2168 155 2251 ipso
180 2172 259 2238 libri
287 2171 441 2237 XXVIII.
470 2173 569 2256 longe
597 2172 716 2237 clarius
744 2170 778 2236 id
800 2171 908 2256 ipsum
932 2169 1097 2254 significat

96 2254 302 2326 Marcellinus.
355 2259 415 2326 Ait
447 2261 536 2326 enim
566 2261 716 2328 timuisse
749 2283 798 2345 se,
831 2259 859 2325 si
891 2258 1096 2325 calamitates

97 2349 173 2413 urbis
194 2349 321 2415 Romae
344 2351 526 2416 accuratius
551 2353 832 2432 commemoraret,
859 2369 899 2411 ne
923 2345 1009 2411 idem
1033 2346 1097 2411 sibi

98 2437 242 2504 accideret
266 2439 353 2524 quod
376 2438 457 2504 olim
478 2439 681 2524 Phrynicho:
710 2439 767 2522 qui
790 2459 863 2502 cum
886 2435 1096 2519 expugnatio-

96 2545 159 2590 nem
184 2526 294 2592 Mileti
320 2523 417 2614 (quac
446 2525 583 2593 Colonia
609 2521 861 2608 Atheniensium
890 2520 975 2612 erat)
1003 2544 1096 2608 argu·

97 2618 229 2682 mentum
253 2617 448 2700 sumpsisset
470 2617 667 2702 tragoediae,
690 2615 853 2700 suffragiis
867 2613 982 2699 populi
996 2611 1096 2678 Athe·

97 2701 203 2770 niensis
231 2705 378 2790 graviter
405 2706 564 2772 multatus
594 2705 695 2772 firisse
719 2705 846 2771 dicitur.
890 2702 1039 2787 Denique
1063 2702 1097 2767 in

98 2788 169 2856 libro
191 2793 293 2858 XXX.
316 2817 342 2859 c.
364 2795 395 2859 4.
418 2794 457 2860 de
479 2794 722 2862 Advocatorum
748 2792 949 2878 professione
972 2792 1097 2856 loeutu-

98 2900 152 3032 hii,
173 2883 265 3036 sabin
287 2881 598 3038 Ochidentebfuislse),fi
607 2907 690 2986 'cum
714 2906 753 2948 ea
766 2883 933 2986 scriberet
954 2884 1097 3033 tpstatur

160 2993 214 3037 ver
238 2994 281 3037 1s:
338 2995 355 3036 r
389 2995 408 3038 o
442 2995 461 3038 a
494 2995 533 3038 so
557 2997 579 3038 u
604 2996 636 3038 rs
669 2995 712 3038 su
744 2994 784 3036 er
807 2993 891 3036 erus
923 2991 963 3033 111
993 2987 1097 3052 rgnr·

99 3059 167 3124 tate
188 3062 338 3144 paucis,
361 2993 478 3147 {uam
500 3063 542 3127 in
569 3062 656 3126 illis
687 2995 924 3148 (diiencalibus
956 3054 1096 3144 scilicet)

99 3149 266 3226 partibus
299 3170 417 3235 agens
450 3155 632 3236 expertus
666 3173 759 3233 sum,
792 3149 839 3215 ad
874 3151 1097 3231 coeptorum

101 3253 236 3303 cursum
258 3239 468 3324 regrediar.
515 3239 608 3318 Quod
631 3239 660 3305 si
683 3239 755 3324 quis
777 3237 917 3303 fortasse
935 3235 988 3300 his
1003 3255 1098 3319 argu·

102 3327 205 3392 mentis
227 3327 396 3393 nonsatis
424 3329 589 3394 convictus
617 3332 680 3413 est,
711 3326 843 3392 Libanii
869 3329 956 3391 certe
984 3323 1097 3388 Antio-

102 3409 184 3478 cheni
204 3417 392 3483 testimonie
415 3418 501 3484 idem
514 3441 581 3484 non
598 3417 779 3502 derogabit.
823 3414 888 3480 Hic
910 3414 945 3477 in
959 3411 1098 3496 epistola

103 3499 137 3564 sd
158 3501 382 3572 Marcellinum
407 3510 571 3590 nostrum,
598 3529 672 3572 eum
695 3505 818 3573 Romae
841 3502 970 3585 vixisse,
993 3505 1027 3565 et
1049 3500 1097 3564 hi·

104 3591 208 3658 storias
231 3617 304 3660 suas
328 3615 447 3680 magno
471 3618 545 3662 cum
567 3595 686 3680 plausu
709 3598 742 3659 61
755 3593 875 3657 Υ101016
899 3586 1098 3672 000611110-
