2530 3922
432 219 685 276 consulumve
704 226 753 276 aas
1064 223 1107 290 53

109 387 226 430 casuum
256 369 379 430 motum
412 369 529 429 euentu
561 363 659 428 celeri
688 365 924 428 consummauit
955 365 1107 449 inpendio

105 454 309 520 formidatum.
326 455 356 519 2.
371 477 444 519 cum
457 454 609 518 diuturna
622 453 746 518 incuria
755 451 881 520 Galliae
896 454 1007 518 caedes
1023 477 1109 520 acer-

105 545 155 608 bas
168 545 359 629 rapinasque
379 547 411 608 et
433 542 581 608 incendia
603 542 750 608 barbaris
774 541 910 606 licenter
933 544 1109 627 grassanti·
1178 565 1185 580 ·

104 633 157 698 bus
177 633 266 698 nullo
289 633 422 698 iuuante
445 632 635 717 perferrent,
664 630 814 697 Siluanus
843 631 1001 716 pedestris
1025 633 1109 697 mili·

80 723 159 792 atiae
172 727 278 787 rector
291 726 329 788 ut
347 722 461 786 efficax
476 722 516 787 ad
538 722 619 788 haee
636 721 827 807 corrigenda
849 721 1004 806 principis
1018 722 1109 786 iussu

100 813 234 894 perrexit
256 810 437 876 Arbetione
466 811 499 875 id
521 812 679 876 maturari
706 811 810 876 modis
835 811 951 895 quibus
978 814 1109 894 poterat

101 901 256 985 adigente,
288 905 326 966 ut
358 901 486 966 absenti
518 901 645 966 aemulo
679 923 774 984 quem
807 922 973 983 superesse
1006 901 1110 966 adhuc

179 1081 209 1145 3.
225 1129 375 1146 .........
388 1079 568 1164 Dpauratm
581 1079 709 1164 quidam
723 1079 885 1144 actuarius
901 1079 1109 1145 sarcinalium

70 1169 246 1254 roprincipis
275 1170 495 1235 iumentorum
523 1168 807 1233 commendaticias
836 1170 876 1233 ab
904 1191 942 1234 eo
970 1169 1110 1253 petierat

98 1257 217 1324 litteras
250 1259 293 1324 ad
323 1260 444 1324 amicos
474 1262 510 1323 ut
534 1259 626 1342 quasi
656 1257 827 1322 familiaris
851 1258 993 1323 ciusdem
1024 1262 1111 1323 essct

97 1347 293 1414 notissimus.
338 1347 400 1413 hoc
427 1349 605 1432 inpetrato,
638 1369 710 1412 cum
739 1347 796 1411 ille
826 1347 909 1411 nihil
942 1347 1110 1430 suspicans

99 1436 286 1520 simpliciter
314 1437 543 1522 praestitisset,
571 1437 724 1501 seruabat
754 1436 911 1519 epistulas
941 1440 978 1499 ut
1006 1433 1111 1518 perni-

98 1525 211 1590 ciosum
226 1527 353 1611 aliquid
366 1527 401 1591 in
414 1530 561 1611 tempore
576 1526 753 1590 moliretur.
767 1526 799 1590 4.
808 1529 986 1589 memorato
1000 1525 1110 1608 itaque

68 1613 168 1681 educe
198 1615 328 1681 Gallias
360 1638 398 1681 ex
430 1639 465 1680 re
496 1615 628 1700 publica
657 1615 858 1678 discursante
889 1612 1110 1698 barbarosque

97 1705 295 1788 propellente
318 1706 384 1770 iam
399 1705 463 1770 sibi
476 1704 659 1770 diffidentes
675 1708 707 1768 et
721 1703 920 1787 trepidantes
943 1703 1028 1767 idem
1046 1702 1111 1786 Dy-

96 1793 214 1859 namius
246 1794 426 1878 inquietius
458 1814 558 1880 agens
588 1797 625 1858 ut
654 1797 804 1858 uersutus
836 1796 869 1856 et
900 1792 935 1856 in
966 1791 1110 1858 fallendo

98 1883 289 1948 exercitatus
312 1883 458 1948 fraudem
473 1883 729 1948 comminiscitur
750 1881 874 1966 inpiam
898 1881 1111 1946 subornatore

98 1974 126 2034 et
139 1973 280 2057 conscie,
302 1977 340 2037 ut
353 1973 514 2038 iactauere
529 1994 672 2037 rumores
686 1971 812 2058 incerti,
825 1970 1003 2055 Lampadio
1021 1992 1112 2055 prae-

68 2060 175 2127 afeoto
197 2061 378 2147 praetorio,
402 2066 434 2126 et
447 2061 590 2127 Eusebio
610 2084 648 2126 ex
672 2061 790 2126 comite
813 2061 860 2124 rei
882 2060 1037 2143 priuatae,
1061 2059 1112 2124 cui

99 2155 347 2235 cognomentum
362 2155 432 2216 erat
448 2150 586 2215 inditum
600 2149 838 2235 Mattyocopae,
851 2154 958 2237 *atque
972 2147 1112 2213 Aedesio

99 2241 316 2325 exmagistro
340 2241 526 2324 memoriae,
549 2261 628 2324 quos
653 2239 693 2304 ad
713 2239 917 2304 consulatum
940 2242 977 2302 ut
991 2238 1112 2302 amicos

97 2327 315 2394 iunctissimos
343 2329 429 2394 idem
456 2332 585 2394 curarat
612 2329 723 2412 rogari
750 2327 943 2412 praefectus,
970 2330 1003 2390 et
1025 2325 1114 2409 peni-

97 2417 161 2481 culo
190 2419 278 2484 serie
307 2418 490 2484 litterarum
519 2417 675 2501 abstersa,
708 2417 779 2482 sola
810 2415 965 2481 incolumi
995 2415 1113 2479 relicta

67 2530 87 2570 a
98 2506 334 2592 subscriptione
359 2508 442 2572 alter
466 2506 605 2572 multum
628 2530 648 2572 a
670 2528 747 2570 uero
775 2506 835 2570 illo
864 2505 1034 2570 dissonans
1064 2526 1113 2568 su-

96 2597 309 2676 perscribitur
331 2600 455 2662 textus:
478 2596 570 2662 uelut
585 2595 717 2662 Siluano
740 2599 878 2680 rogante
901 2594 1009 2659 uerbis
1033 2593 1114 2658 obli-

99 2686 162 2766 quis
191 2687 415 2770 hortanteque
443 2686 564 2750 amioos
593 2688 727 2770 agentes
754 2685 843 2749 intra
864 2683 1033 2769 palatium,
1059 2682 1114 2748 uel

97 2773 239 2855 priuatos
265 2811 309 2846 ,-
333 2775 514 2860 intorques
539 2777 572 2838 et
586 2773 710 2838 Tuscus
735 2777 807 2838 erat
820 2772 971 2856 Albinus,
993 2772 1113 2855 aliique

96 2862 199 2943 plures
225 2901 271 2910 —
295 2868 333 2946 ut
356 2887 390 2930 se
414 2864 533 2928 altiora
547 2866 751 2946 coeptantem
774 2866 808 2928 et
829 2885 930 2946 prope
945 2862 1031 2925 diem
1049 2859 1114 2924 loci

64 2977 84 3016 a
96 2951 286 3038 principalis
306 2953 469 3018 aditurum
479 3001 566 3018 .......
595 2951 624 3018 5.
642 2950 738 3016 Hune
751 2951 874 3016 fascem
888 2951 928 3015 ad
942 2949 1114 3014 arbitrium

96 3157 310 3170 *αι*-

159 3292 175 3340 5
198 3288 245 3365 ut]
276 3287 306 3339 id
327 3285 380 3340 VP
404 3290 433 3341 et
458 3287 509 3356 layo
577 3285 668 3364 princi
689 3285 713 3339 is
736 3284 812 3338 iussu
839 3283 964 3352 perrexit
988 3283 1115 3339 Valesius

114 3352 215 3408 rimum
234 3372 246 3407 1
269 3355 327 3408 sius
344 3355 502 3423 supertexit
520 3354 629 3424 (rerxit
645 3303 687 3422 Pi
705 3352 758 3431 Vr>
801 3358 833 3430 Ι8
851 3369 903 3422 gra
930 3353 979 3407 luc.
998 3358 1014 3406 3
1031 3351 1112 3420 uera]

121 3371 344 3502 Pgrauapbatur
358 3421 532 3491 periculosae
549 3421 721 3501 molis-onus
738 3420 910 3499 impmgerct
937 3437 973 3498 qo
989 3435 1042 3487 aeq.
1060 3420 1113 3499 loc.

98 3488 185 3544 azert.
213 3489 242 3544 G
266 3497 281 3544 3
304 3506 376 3546 uera.
393 3491 421 3544 Α
489 3489 683 3558 9Dynam1us
724 3489 821 3543 urdam
842 3492 962 3542 auserunt
988 3486 1115 3542 Volesum

97 3557 144 3612 ⁸18
161 3557 355 3612 cominiscitur
376 3555 428 3612 ΥΡ
489 3565 523 3614 20
540 3557 682 3628 practorio
765 3555 932 3610 racfectorio
953 3553 1043 3609 Voce.
1062 3554 1114 3622 bqu

99 3628 127 3675 21
144 3627 314 3694 ματτυοκόπ
337 3623 518 3696 rWeeseliuq
535 3625 705 3680 mathocobe
721 3574 773 3679 Vh
807 3629 840 3678 27
856 3622 1044 3692 hortanteque
1063 3622 1092 3675 lm

100 3691 265 3763 onanteque
285 3647 339 3751 Vll
407 3700 440 3749 30
457 3693 600 3748 aditurum
617 3693 749 3748 iuuarent
768 3690 821 3747 GA
