2430 3928
122 173 164 238 93
437 201 442 210 ,
486 169 551 223 xvi
571 175 610 236 11,
632 173 739 236 ra-ra
760 175 790 234 ιι

124 314 259 380 adruos.
285 312 336 378 15.
345 317 379 401 et
393 311 451 376 ille
461 315 629 398 tamquam
640 310 844 396 expeditione
855 313 973 376 euentu
987 331 1145 395 prospero
1208 268 1213 368 l

123 402 300 470 terminata
326 400 432 466 milite
461 401 606 489 disperso
634 422 692 486 per
725 399 885 466 stationes
917 399 1072 466 hibernas
1105 399 1145 464 ad
1212 423 1213 438 ι

125 493 319 559 comitatum
354 491 561 575 imperatoris
593 489 731 556 reuertit
764 490 886 555 crimen
917 489 1146 574 compositurus

124 583 160 646 in
183 578 356 662 Caesarem
378 583 415 646 ut
439 578 575 645 solebat.

58 677 61 686 ’
215 667 272 736 12.
303 671 330 734 1.
355 668 425 747 Quo
445 668 606 754 dispalato
625 668 720 734 foedo
740 674 866 734 terrore
885 666 1170 736 Alamannorum

123 755 1146 932 ttttttltmttztlttsttalltittet?t

123 959 223 1005 unum
245 937 363 1002 robore
386 937 506 1002 uirium
535 959 666 1002 suarum
689 937 779 1002 omni
802 936 940 1003 collecto
970 937 1145 1002 consedere

122 1048 223 1112 prope
246 1025 361 1092 urbem
383 1026 649 1112 Argentoratum,
677 1029 822 1092 extrema
844 1031 1044 1094 metuentem
1066 1023 1147 1092 an-

123 1137 228 1180 sarem
251 1115 405 1182 arbitrati
426 1114 653 1182 retrocessisse
677 1138 750 1182 cum
772 1115 829 1182 ille
853 1119 923 1182 tum
947 1117 1047 1182 etiam
1073 1138 1145 1202 per·
1163 1143 1184 1180 ιι

122 1203 251 1270 ficiendi
270 1203 464 1269 munimenti
483 1204 589 1269 studio
605 1205 830 1290 stringeretur.
867 1207 897 1272 2.
911 1206 1015 1271 erexit
1033 1211 1148 1272 autem
1213 1243 1214 1272 l

122 1292 351 1359 confidentiam
379 1297 476 1378 caput
504 1293 604 1358 altius
633 1294 847 1360 adtollentem
877 1293 1044 1362 Scutarios
1074 1317 1148 1380 per·
1213 1273 1214 1312 ¹

122 1383 215 1469 suga,
248 1383 304 1470 qui
331 1381 497 1448 commissi
524 1383 670 1448 criminis
698 1389 846 1450 metuens
872 1407 1012 1470 poenam
1040 1390 1149 1450 trans-

123 1493 254 1557 gressus
278 1472 319 1538 ad
333 1493 389 1537 eos
411 1476 488 1556 post
511 1472 601 1538 ducis
623 1472 730 1558 fugati
751 1473 928 1540 discessum
943 1479 1150 1542 armatorum

121 1561 277 1626 tredecim
305 1560 398 1626 milia
425 1563 555 1626 tantum
581 1563 776 1628 remansisse
804 1585 879 1630 cum
900 1563 1028 1630 Iuliano
1053 1565 1151 1630 dooe-
1166 1591 1186 1629 c

123 1651 181 1715 bat
203 1686 246 1696 --
270 1650 298 1714 is
323 1649 409 1714 enim
437 1671 589 1716 numerus
614 1665 687 1716 eum
715 1653 977 1739 sequebatur-
1001 1654 1153 1720 barbara

121 1738 253 1803 feritate
268 1739 482 1804 certaminum
494 1739 621 1806 rabiem
634 1741 775 1826 undique
791 1743 983 1810 concitante.
1011 1743 1043 1810 3.
1053 1745 1152 1810 cuius

121 1825 365 1892 adseueratione
389 1828 501 1892 eadem
515 1829 651 1896 subinde
674 1831 864 1916 replicantis
889 1833 929 1899 ad
943 1833 1072 1900 maiora
1091 1835 1154 1898 sti-

120 1914 238 1981 mulati
260 1914 378 1982 fiducia
392 1916 502 1984 missis
525 1917 644 2002 legatis
669 1921 750 1986 satis
771 1943 831 2006 pro
855 1921 993 2007 imperio
1008 1921 1154 1990 Caesari

120 2004 354 2072 mandauerunt
376 2009 414 2072 ut
436 2007 534 2072 terris
550 2005 737 2074 abscederet
758 2010 881 2078 uirtute
905 2012 969 2076 sibi
983 2013 1152 2098 quaesitis
1166 2039 1189 2077 a

120 2099 153 2158 et
175 2093 276 2160 ferro:
300 2095 356 2180 qui
379 2095 513 2180 ignarus
536 2097 675 2181 pauendi
697 2120 757 2164 nee
780 2099 831 2164 ira
853 2122 913 2166 nec
936 2101 1050 2168 dolore
1073 2125 1154 2187 per-

120 2183 227 2266 culsus
256 2183 314 2250 sed
340 2183 446 2250 fastus
473 2185 661 2252 barbaricos
689 2187 797 2254 ridens
825 2190 925 2256 tentis
952 2191 1076 2276 legatis
1111 2193 1153 2260 ad

113 2285 219 2359 'usque
241 2271 423 2359 perfectum
446 2297 528 2360 opus
551 2279 732 2342 castrorum
755 2277 789 2342 in
804 2278 917 2345 eodem
940 2280 1047 2365 gradu
1070 2303 1153 2348 con-

119 2363 261 2430 stantiae
284 2365 378 2430 stetit
400 2363 578 2430 inmobilis.

206 2453 237 2516 4.
256 2450 418 2536 Agitabat
441 2458 551 2519 autem
572 2455 795 2541 miscebatque
815 2459 925 2524 omnia
948 2459 1019 2524 sine
1043 2462 1151 2526 modo
1169 2489 1193 2527 a

117 2541 237 2625 ubique
266 2563 335 2605 sese
363 2541 574 2608 diffunditans
603 2549 636 2610 et
667 2546 817 2630 princeps
846 2547 985 2614 audendi
1016 2549 1154 2634 pericu-

117 2629 190 2694 losa
211 2650 268 2693 rex
292 2625 571 2697 Chonodomarius
595 2634 695 2700 ardua
718 2636 890 2722 subrigens
913 2638 1098 2722 supercilia
1113 2649 1153 2706 ut

119 2739 216 2802 saepe
232 2719 379 2784 secundis
397 2719 494 2786 rebus
510 2721 624 2788 elatus.
660 2724 690 2789 5.
703 2747 781 2790 nam
804 2729 837 2790 et
850 2723 1047 2794 Decentium
1063 2727 1153 2796 Cae-

117 2829 223 2872 sarem
247 2809 413 2894 superauit
439 2833 543 2896 aequo
570 2810 676 2879 Marte
701 2837 893 2902 congressus
921 2818 955 2883 et
985 2818 1152 2886 ciuitates

117 2901 225 2964 erutas
253 2899 373 2966 multas
401 2901 546 2966 uastauit
573 2907 607 2968 et
634 2905 805 2990 opulentas
833 2907 1051 2994 licentiusque
1090 2910 1153 2978 diu
1170 2937 1196 2978 a

114 2987 206 3053 nullo
234 2988 420 3074 refragante
448 2989 572 3058 Gallias
598 2995 804 3078 persultauit.
855 2999 896 3063 ad
924 2999 1014 3064 euius
1042 3001 1154 3068 robo-

114 3076 250 3141 randam
278 3079 429 3146 fiduciam
460 3103 572 3147 recens
605 3105 732 3170 quoque
765 3086 845 3172 fuga
877 3089 966 3155 ducis
1000 3092 1154 3158 accessit

117 3221 330 3231 mm

184 3302 196 3374 ι
213 3303 276 3364 post
294 3315 358 3354 suos
377 3301 428 3360 lac.
449 3308 480 3357 13
500 3303 554 3358 litt.
578 3304 604 3358 V
658 3313 752 3375 apost
771 3307 882 3362 solebat
899 3310 949 3364 loc.
969 3312 1003 3376 Ἰ,
1021 3326 1099 3366 aare.
1118 3312 1156 3366 P

113 3365 241 3432 grauiter
258 3381 370 3436 semper
386 3369 529 3424 incessens
547 3372 598 3440 ιρι
668 3381 682 3427 7
707 3376 811 3431 ortaria
838 3376 906 3432 VPb
976 3384 992 3432 8
1017 3378 1155 3434 collecto

114 3433 265 3488 consedere
286 3434 312 3487 G
330 3435 449 3492 collecto
476 3437 543 3492 belli
566 3455 630 3493 cum
652 3459 688 3496 ue
712 3442 827 3498 foedere
849 3444 901 3500 VP
971 3451 1003 3500 10
1023 3445 1098 3502 dum
1121 3448 1158 3502 V

113 3513 163 3554 om.
182 3500 197 3554 b
214 3518 232 3554 a
302 3508 333 3558 12
352 3503 539 3564 adtollentem
558 3507 584 3562 G
602 3458 791 3565 adtollentem
812 3511 892 3568 VAP
963 3521 995 3570 15
1015 3514 1158 3572 docebat

111 3566 135 3663 is
160 3565 188 3622 V
212 3568 246 3648 ΡΙ
262 3569 314 3650 Ζιιιζ
338 3577 353 3626 8
375 3573 430 3630 litt.
449 3573 477 3631 R
499 3576 590 3632 maior
614 3577 648 3633 ba
717 3585 750 3634 22
772 3581 859 3636 tentis
885 3581 936 3651 ΥΘ
958 3582 1087 3640 retentis
1111 3585 1158 3642 bct

132 3639 163 3688 26
182 3636 316 3695 audrendi
338 3639 417 3698 VAP
