2530 3922
405 204 621 262 PRAEFATIO.
987 209 1052 264 XXI

65 372 145 414 marm
166 348 358 432 descriptum
372 348 542 414 innumera
564 349 637 415 loca
654 351 897 436 castigauimus,
921 353 1053 420 lacunas

64 439 170 522 aliquot
197 437 411 524 expleuimus,
438 439 619 505 scribarum
646 439 772 506 incuria
797 443 1054 528 praetermissas,

63 533 89 590 ct
108 529 138 590 in
157 528 205 592 his
219 549 332 591 uersus
356 527 517 593 interdum
531 529 679 614 integros
698 531 913 616 restituimus,
936 552 1054 616 graeca

62 618 155 682 omnia
182 639 261 702 quae
290 616 344 680 uel
371 639 503 701 prorsus
527 619 676 705 aberant,
699 621 752 684 uel
781 621 827 685 sic
851 621 995 706 aderant,
1017 626 1055 688 ut

61 706 164 771 frustra
190 707 348 791 adessent,
372 729 471 791 quum
494 708 550 772 uix
570 732 589 773 a
612 707 742 794 Sibylla
768 710 844 795 quid
868 714 954 775 esset
978 712 1055 776 scri·

59 799 137 878 ptum
150 795 289 861 diuinari
301 800 422 881 posset,
440 797 654 881 reposuimus.
699 799 794 865 Nihil
809 804 918 865 autem
937 799 1055 866 horum

61 885 200 950 exinani
233 885 429 970 coniectura,
462 909 542 971 quaa
575 911 670 972 saepe
702 889 799 974 fallit,
833 890 909 954 dum
936 889 972 954 in
995 911 1053 955 suo

61 975 177 1060 quisque
205 979 390 1040 commento
418 974 482 1040 sibi
508 976 645 1060 pulcher
674 982 736 1064 est,
765 979 821 1044 sed
848 1001 887 1044 ex
917 979 979 1043 fide
1002 1001 1055 1045 ue·

59 1065 127 1128 tusti
148 1065 265 1129 codicis
300 1101 343 1111 —
367 1101 410 1111 -

131 1153 168 1218 In
198 1153 261 1219 hac
292 1154 462 1238 prouincia
494 1159 659 1221 strenuam
692 1179 729 1222 ao
761 1157 890 1222 fidelem
921 1179 1054 1241 operam

58 1243 138 1306 nobis
159 1243 296 1308 nauauit
327 1245 379 1308 uir
402 1243 570 1330 utriusque
585 1245 775 1312 literaturae
794 1269 861 1312 non
874 1247 1055 1330 uulgariter

59 1332 170 1417 callens,
205 1337 439 1418 emunctaeque
479 1334 582 1420 naris,
624 1334 850 1422 Sigismundus
893 1335 1055 1402 Gelenius.

57 1421 216 1506 Exemplar
241 1445 342 1488 manu
365 1423 563 1508 descriptum
587 1427 691 1509 gratis
715 1429 748 1489 et
771 1425 923 1490 alacriter
943 1446 1055 1509 suppe-

58 1510 159 1576 ditauit
182 1512 337 1596 egregius
360 1512 510 1597 princeps
533 1513 646 1579 Abbas
669 1513 932 1580 Hirsfeldensis.“
955 1550 997 1559 -

129 1600 275 1666 Medium
298 1601 383 1666 inter
406 1602 509 1667 libros
528 1601 792 1668 Hersieldensem
812 1608 845 1668 et
858 1602 1057 1669 Vaticanum

59 1688 150 1754 locum
189 1695 283 1756 tenet
324 1691 424 1756 codex
460 1690 687 1758 Accursianus.
745 1693 925 1779 Postquam
961 1695 1058 1757 antea

56 1775 461 1868 (Herm.VHp.168-70)
476 1781 565 1846 locos
576 1783 733 1867 quosdam
744 1787 960 1864 enotaueram‚
976 1803 1056 1867 quos

58 1889 117 1930 cum
141 1892 207 1934 non
238 1870 347 1934 solum
371 1870 405 1934 in
427 1870 460 1934 A
483 1871 539 1935 scd
563 1872 663 1936 etiam
685 1872 720 1936 in
744 1871 774 1938 G
796 1872 996 1937 inuenissem
1020 1892 1058 1936 cx

57 1956 126 2022 libro
147 1958 376 2024 Hersfeldcnsi
398 1959 538 2044 pendere
561 1959 684 2044 putaui.
730 1961 776 2027 Ae
800 1961 860 2026 Th.
874 1960 1059 2026 Mommsen

56 2042 83 2126 (l.
91 2047 109 2112 l.
118 2071 146 2131 p.
158 2045 330 2136 171-75)
339 2049 494 2114 lectiones
505 2050 581 2114 illas
590 2051 712 2134 partim
728 2051 830 2116 codici
839 2051 962 2135 partim
979 2071 1057 2114 uero

57 2135 200 2203 editorum
215 2139 413 2203 coniecturis
433 2138 543 2203 deberi
565 2136 777 2225 monstrauit,
800 2139 1057 2224 Accursiumque

57 2227 165 2292 occulto
190 2228 335 2313 quodam
348 2227 480 2293 uinculo
504 2250 578 2294 curn
597 2229 732 2295 Gelenio
757 2231 965 2295 coniunctum
988 2249 1059 2294 esso

59 2316 279 2398 suspicabatur.
326 2315 437 2382 Aliam
469 2317 559 2382 uiam
591 2319 759 2404 ingressus
788 2323 839 2384 est
866 2317 1058 2384 Franciscus

57 2401 128 2468 ll'u’hl
154 2402 233 2492 (Rh.
262 2405 346 2472 Mus.
374 2407 416 2471 28
444 2429 476 2490 p.
504 2405 682 2496 337—39)
715 2409 771 2493 qui
798 2407 955 2472 lectiones
983 2406 1059 2472 illas

58 2512 108 2556 non
132 2493 171 2560 ad
199 2495 367 2560 editorum
395 2496 451 2560 sed
479 2497 519 2561 ad
546 2497 780 2562 monachorum
809 2518 942 2581 operam
969 2515 1060 2560 reuo-

58 2585 156 2649 candas
179 2607 253 2650 esse
278 2585 413 2651 censuit.
436 2623 479 2632 -
503 2585 629 2662 Quibus
653 2587 913 2661 dubitationibus
934 2606 1060 2670 permo-

59 2675 99 2734 tus
118 2671 261 2740 Romam
286 2675 416 2761 scripsi,
447 2674 608 2760 facileque
635 2681 673 2741 ut
699 2698 772 2741 mea
800 2698 898 2740 causa
925 2675 1061 2759 inspice·

57 2767 96 2823 ret
116 2785 139 2828 c.
161 2763 364 2829 Vaticanum
387 2787 418 2830 n
441 2764 527 2829 2969
552 2765 728 2849 impetraui
752 2766 792 2829 ab
807 2763 958 2849 Augusto
973 2763 1061 2847 Mau,

60 2850 133 2915 cuius
155 2853 283 2918 litteris
307 2853 428 2918 mirum
451 2853 534 2918 illud
556 2855 675 2939 patuit,
699 2854 799 2919 etiam
821 2854 943 2918 librum
966 2853 1061 2918 illum

59 2941 199 3024 seriptum
234 2943 287 3008 die
319 2941 387 3007 ΙΠΙ
418 2943 540 3008 mensis
573 2942 652 3008 Iulii
680 2965 708 3010 a.
737 2944 823 3008 1445
854 2964 965 3007 omnes
993 2942 1061 3005 fere

58 3026 119 3092 illas
140 3031 301 3096 lectiones
323 3032 488 3117 praebere,
513 3054 592 3117 quas
617 3033 658 3097 ab
672 3031 828 3098 Accursio
853 3031 1062 3115 somnioque,

59 3118 103 3197 qui
123 3143 205 3186 anno
232 3121 364 3186 demum
394 3119 479 3186 1533
509 3121 666 3187 editiones
693 3121 892 3206 parauerint,
921 3119 1063 3188 deriuari

58 3226 112 3269 non
135 3231 232 3292 posse
262 3210 469 3295 perspicuum
501 3215 560 3276 est.
609 3210 724 3296 Neque
757 3210 855 3275 aliter
881 3209 966 3275 hanc
993 3231 1063 3276 rem

60 3292 276 3364 difficillimam
309 3299 472 3382 explicare
504 3321 691 3384 possumne,
724 3322 823 3385 quam
845 3302 883 3364 ut
904 3321 1062 3383 ponamus

61 3385 261 3472 archetypum
273 3388 354 3454 libri
367 3387 559 3454 Accursiani
573 3394 606 3455 et
619 3388 774 3455 Vaticani
787 3412 818 3452 n.
842 3389 929 3453 2969
954 3409 1064 3472 quam·

63 3492 145 3552 quam
166 3479 420 3562 transscriptum
449 3501 488 3544 er
512 3479 620 3543 codice
643 3476 970 3544 Vaticano-Fuldensi
993 3471 1065 3562 (aut

65 3579 108 3638 prr
133 3566 245 3631 omnia
276 3564 459 3654 simillimo)
491 3571 602 3632 tamen
638 3572 754 3652 postea
791 3567 956 3632 conlatum
994 3586 1064 3629 esse

64 3668 124 3715 Cum
164 3654 254 3721 libro
298 3655 534 3742 Hersfeldensi‚
581 3679 721 3742 quocum
766 3658 890 3739 mutuo
933 3651 1059 3716 uinculo
