2430 3928
380 198 639 254 CONSTANTIVS
657 207 707 254 aas
1006 206 1047 269 65

61 346 129 408 dices
150 343 333 408 succinctius
358 343 508 407 edocebo.
536 343 566 408 6.
584 347 660 427 post
682 343 850 408 interitum
873 345 1055 410 rebellium·

61 439 257 517 tyrannorum,
282 454 362 517 quos
391 431 431 497 ad
454 431 535 498 haec
557 432 747 516 temptanda
771 455 851 517 quae
874 440 1046 499 mouenmt

59 524 146 588 rabies
168 524 232 608 egit
254 525 287 586 et
309 522 408 605 furor,
430 522 521 587 uelut
542 523 652 607 impiis
676 544 788 586 eorum
811 523 960 588 manibus
983 523 1046 588 Ro-

58 635 135 678 nano
156 613 308 698 sanguine
331 613 538 695 parentantes
560 612 744 696 persultant
766 612 898 676 barbari
922 612 1045 677 Gallias

39 706 135 785 crupta
145 703 282 768 limitum
305 723 395 785 pace:
417 701 480 766 hac
494 701 631 766 animati
653 701 778 783 fiducia,
803 702 887 785 quod
906 723 964 765 nos
988 725 1046 785 per

57 792 300 857 disiunctissimas
327 795 432 856 terras
455 791 572 856 arduae
595 792 806 856 necessitates
830 791 1046 875 adstringunt.

59 883 79 943 l.
97 880 161 946 huic
182 882 283 966 igitur
297 881 383 945 malo
407 881 495 945 ultra
518 881 667 964 adposita
690 881 755 944 iam
777 880 992 964 proserpenti,
1017 881 1046 943 si

57 970 115 1033 dum
139 972 257 1056 patitur
286 975 413 1054 tempus
446 971 622 1035 occurrerit
648 970 757 1034 nostri
780 969 944 1052 uestrique
974 991 1046 1033 con·

56 1061 116 1124 sulti
137 1061 331 1146 suffragium,
355 1063 387 1125 et
410 1058 496 1123 colla
509 1060 720 1143 superbarum
741 1059 886 1142 gentium
905 1057 1046 1122 detume-

29 1153 126 1212 uscent
146 1154 177 1213 et
202 1151 334 1235 imperii
356 1149 435 1214 fines
459 1152 554 1214 erunt
580 1148 706 1212 intacti.
751 1150 855 1212 restat
877 1151 914 1211 ut
936 1169 1045 1211 rerum

54 1261 132 1322 spem,
153 1261 250 1324 quam
273 1259 366 1323 gero,·
384 1238 522 1303 secundo
545 1238 708 1303 roboretis
732 1237 854 1302 effectu.
892 1237 921 1301 8.
948 1236 1045 1301 Iulia-

54 1349 113 1391 num
132 1329 213 1394 hunc
236 1329 375 1393 fratrem
397 1349 505 1392 meum
527 1327 723 1412 patruelem,
753 1330 789 1390 ut
811 1325 929 1410 nostis,
956 1347 1045 1389 uere-

52 1418 155 1501 cundia,
177 1442 242 1503 qua
265 1418 360 1482 nobis
384 1417 432 1482 ita
453 1420 491 1481 ut
513 1416 750 1482 necessitudine
770 1436 862 1479 carus
878 1417 936 1496 est,
958 1418 1045 1477 recte

51 1510 209 1588 spectatum
232 1509 363 1592 iamque
386 1507 542 1571 elucentis
565 1505 742 1571 industriae
757 1505 906 1567 iuuenem
920 1503 955 1566 in
969 1501 1045 1566 an-

24 1596 114 1659 usaris
136 1597 289 1662 adhibere
311 1598 507 1681 potestatem
532 1601 659 1680 exopto,
682 1593 819 1678 coeptis,
843 1593 872 1656 si
895 1592 1046 1655 uidentur

50 1685 133 1769 iutilia,
156 1687 257 1751 etiam
279 1689 389 1751 uestra
409 1685 620 1750 consensione
643 1683 832 1748 firmandis!
1038 1685 1041 1694 '

119 1776 146 1839 9.
161 1776 279 1840 Dicere
289 1796 386 1859 super
395 1773 447 1838 his
456 1775 552 1858 plura
562 1778 733 1838 conantem
747 1770 960 1854 interpellans
972 1791 1046 1834 con-

47 1863 81 1924 tio
102 1865 200 1930 lenius
224 1864 421 1949 prohibebat
444 1863 616 1928 arbitrium
631 1863 749 1928 summi
761 1860 903 1925 numinis
918 1858 952 1922 id
966 1879 1045 1941 esse,

46 1973 96 2016 non
112 1955 228 2020 mentis
243 1954 403 2019 humanae
424 1952 513 2018 uelut
534 1953 681 2036 praescia
694 1950 824 2015 uenturi
847 1948 1045 2032 praedicans.

20 2065 37 2096 a
49 2042 86 2104 10.
98 2047 249 2129 stansque
268 2044 446 2127 imperator
459 2042 624 2106 inmobilis
648 2042 723 2106 dum
747 2040 894 2119 silerent,
917 2036 1046 2100 residua

47 2131 176 2198 fidentius
201 2133 381 2217 explicauit
403 2130 495 2214 ‘quia
517 2132 619 2215 igitur
642 2134 787 2195 uestrum
811 2148 937 2210 quoque
956 2126 1045 2188 fauo·

46 2243 99 2283 rem
119 2223 231 2288 adesse
255 2223 405 2286 fremitus
429 2221 551 2285 indicat
573 2221 688 2302 laetus,
711 2217 898 2282 adulescens
921 2214 1044 2297 uigoris

45 2312 205 2397 tranquilli,
231 2312 321 2376 cuius
344 2311 519 2393 temperati
541 2330 648 2372 mores
671 2305 821 2372 imitandi
838 2305 913 2367 sunt
935 2301 1044 2384 potius

44 2421 124 2480 qiuam
144 2400 431 2486 praedicandi-ad
452 2398 610 2462 honorem
632 2398 858 2480 prosperatum
879 2394 1046 2474 exsurgat:

17 2489 117 2554 rusius
137 2491 345 2574 praeclaram
368 2488 512 2553 indolem
534 2487 629 2551 bonis
645 2487 769 2550 artibus
787 2481 971 2547 institutam
985 2479 1047 2544 hoc

43 2578 98 2657 ipso
123 2581 221 2664 plene
251 2580 364 2644 uideor
393 2577 578 2661 exposuisse
607 2575 693 2660 quod
725 2572 820 2656 elegi.
866 2589 943 2654 ergo
972 2591 1045 2633 eum

44 2672 194 2746 praesente
219 2672 302 2733 nutu
325 2667 377 2731 dei
400 2666 549 2730 caelestis
574 2665 693 2729 amictu
716 2659 890 2747 principali
903 2659 1043 2723 uelabo!

116 2759 165 2822 11.
175 2758 273 2823 Dixit
282 2777 420 2840 moxque
430 2755 579 2820 indutum
589 2754 678 2818 auita
690 2772 833 2836 purpura
841 2748 1003 2812 Iulianum
1013 2751 1046 2810 et

44 2841 202 2912 Caesarem
235 2869 309 2911 cum
341 2844 501 2910 exercitus
534 2843 653 2928 gaudio
686 2841 883 2906 declaratum
911 2836 963 2899 his
993 2835 1046 2899 ad-

17 2955 30 2982 u
42 2932 170 3018 loquitur
190 2935 408 3000 contractiore
430 2933 525 2998 uultu
548 2933 782 2996 submaestum:

117 3027 168 3090 12.
188 3023 369 3109 ‘Recepisti
391 3023 576 3106 primaeuus
592 3019 729 3104 originis
751 3023 827 3082 tuae
842 3013 1045 3098 splendidum

41 3109 147 3199 dorem,
173 3114 399 3180 amantissime
417 3111 499 3176 mihi
523 3110 667 3174 omnium
681 3108 797 3172 frater:
820 3106 915 3168 aucta
938 3102 1045 3186 gloria

41 3222 100 3266 nea
113 3205 272 3268 confiteor
287 3203 343 3288 qui
357 3202 460 3266 iustus
475 3200 510 3263 in
523 3198 696 3263 deferenda
711 3193 869 3280 superiori
883 3195 1044 3275 potestate

98 3460 259 3580 'loppyosita
272 3456 300 3510 G
335 3460 367 3510 10
379 3456 412 3507 ut
428 3469 523 3507 rerum
541 3451 567 3507 G
585 3453 718 3506 naturum
739 3450 766 3503 V
797 3453 850 3502 ¹14
869 3444 1004 3499 elucentis
1019 3442 1045 3495 G

40 3523 154 3581 eluoctes
196 3527 223 3581 P
258 3531 290 3580 16
302 3522 484 3578 consensione
502 3520 627 3576 Valesius
640 3519 818 3573 concessione
837 3513 915 3570 codd.
952 3517 983 3566 18
995 3527 1043 3564 no-

41 3592 119 3646 minis-
137 3594 165 3646 V
186 3593 264 3649 Joais
290 3593 323 3661 dp
393 3595 424 3644 19
447 3589 587 3658 praedans
609 3587 635 3640 V
704 3580 889 3641 minitandi
910 3582 937 3634 A
964 3578 1043 3632 emit-

41 3659 110 3713 tendi
135 3661 222 3732 VPby
291 3667 323 3718 33
342 3656 480 3728 superiori
504 3657 530 3711 G
551 3654 678 3724 superari
699 3653 750 3707 VP

87 3759 220 3800 numanus
234 3761 420 3800 musaraneus.
868 3739 883 3787 5
