2530 3922
246 175 496 233 CONSTANTIVS
514 175 562 231 ΕΤ
581 173 721 230 GALLVS
739 180 788 230 353
999 173 1038 238 15

55 322 222 386 insolentiae
244 321 386 405 pondera
409 321 540 405 grauius
564 321 698 404 librans,
721 318 826 403 siquid
840 316 974 381 dubium
988 316 1039 380 de·

53 412 192 511 terebatur
205 415 260 476 aut
280 411 410 494 falsum,
432 431 490 494 pro
515 410 638 494 liquido
653 409 815 492 accipiens
830 410 862 471 et
877 409 1039 488 conperto,

54 506 120 563 nter
79 501 201 565 talia
223 499 484 566 excarnificatum
507 499 699 564 Gerontium
712 495 966 581 Magnentianae
989 516 1040 558 co·

53 590 85 652 ιιι
87 593 143 654 tem
153 589 253 676 partis
268 588 393 654 exulari
407 611 551 654 maerore
566 589 729 654 multauit.
753 588 781 651 2.
791 591 890 670 utque
906 604 1039 686 aegrum

35 699 144 761 soorpus
158 679 302 764 quassari
316 701 334 743 e
335 679 415 742 tiam
438 679 564 742 leuibus
588 678 672 744 solet
686 677 826 760 offensis,
849 675 897 738 ita
912 673 1038 737 animus

53 768 103 831 eius
115 771 264 852 angustus
279 771 349 833 ett
350 790 434 852 ener,
457 768 608 852 quicquid
623 726 843 850 increpuisset,
867 763 907 827 ad
922 762 1038 827 salutis

53 879 110 920 uae
122 857 318 940 drspendrum
342 857 530 921 existimaus
553 857 676 921 factum
700 859 756 920 aut
780 851 1001 938 cogitatum,
992 873 1039 915 ιιι-

53 949 107 1008 ιιοι
108 946 168 1010 ium
188 947 339 1012 caedibus
363 945 440 1010 fecit
461 946 634 1010 uictoriam
657 945 848 1009 luctuosam.
890 943 920 1006 3
936 939 1038 1024 siquis

53 1036 116 1098 οιιιι
128 1036 316 1101 militarium
329 1036 383 1100 uel
405 1035 545 1100 honorat
531 1039 639 1100 torum
655 1038 711 1098 aut
725 1031 873 1098 nobilis
863 1035 949 1095 mter
963 1050 1039 1093 suos

32 1145 152 1188 urumore
173 1129 268 1196 ,tenus
293 1128 378 1189 esset
391 1124 599 1189 insimulatus
622 1123 744 1188 fouisse
767 1125 877 1206 partes
891 1118 1039 1200 hostiles,

52 1213 144 1277 ιιοοιο
166 1236 262 1278 onere
287 1213 505 1279 catenarum
496 1237 531 1278 m
553 1213 684 1278 modum
706 1212 821 1276 beluae
847 1208 1040 1274 trahebatur

53 1303 217 1367 etinimico
247 1308 386 1388 urgente
420 1303 473 1368 uel
500 1303 609 1386 nulle,
642 1301 735 1386 quasi
764 1299 943 1364 sufficiente
977 1296 1039 1359 hoc

52 1391 110 1539 quiq,
130 1393 211 1476 quod
232 1393 422 1458 nominatus
437 1396 523 1456 esset
547 1396 603 1456 aut
617 1391 705 1455 delat
691 1394 744 1454 tus
767 1391 823 1453 aut
845 1386 1041 1471 postulatus,

64 1481 203 1560 piteuel
225 1483 359 1548 multat
349 1503 423 1546 lone
445 1481 605 1596 bonorum
629 1484 685 1544 aut
707 1477 846 1542 insulari
866 1475 944 1540 solit
929 1473 1040 1538 tudine

32 1588 41 1622 ι
51 1568 245 1636 damnabatur

116 1660 143 1722 4.
152 1658 362 1725 Accedebant
347 1661 458 1725 tanim
468 1660 536 1724 eius
552 1657 731 1743 asperitati,
746 1655 826 1720 ubi
817 1653 957 1719 mminut
942 1649 1041 1716 tauel

51 1746 230 1832 ιοοοοοιιιριιι
215 1749 321 1815 tudo
312 1750 440 1834 impetu
432 1749 631 1832 dicebatur,
654 1750 687 1811 et
702 1744 873 1810 iracundae
887 1739 1041 1825 suspicio-

51 1857 106 1898 num
119 1839 294 1921 quantitati
307 1839 528 1923 proximorum
543 1798 693 1902 crueirtae
707 1833 845 1900 blandit
820 1837 887 1898 trae
906 1849 1041 1914 exagge-

51 1929 104 1989 rant
105 1925 165 1992 ium
186 1928 423 1994 mordent1a
390 1931 423 1992 e
445 1927 553 1992 dolere
577 1925 728 2010 inpendio
753 1921 988 2004 simulantium,
1013 1919 1041 1982 si

31 2031 65 2068 2
52 2016 177 2100 principis
191 2017 326 2101 periclit
328 2018 443 2082 etur'
412 2021 461 2082 mt
463 2039 491 2100 a,
515 2039 535 2080 a
549 2016 640 2080 cuius
664 2014 769 2078 salute
783 2012 859 2078 uelu
859 2013 874 2075 t
896 2010 953 2073 filo
966 2029 1041 2093 pen-

52 2103 151 2170 leret
123 2109 170 2172 sta
152 2109 242 2172 atum
258 2106 349 2171 orbis
372 2110 534 2171 terrarum
554 2105 640 2169 fictis
654 2103 787 2167 uocibus
807 2098 1042 2165 exclamabant.

53 2193 72 2253 ι
82 2194 200 2278 ideoque
221 2196 330 2260 fertur
342 2195 506 2260 neminem
520 2193 694 2278 aliquando
709 2193 744 2256 ob
758 2191 839 2256 baec
852 2188 906 2254 uel
921 2186 1043 2251 similia

53 2302 147 2360 poenae
169 2285 337 2350 addictum
362 2285 475 2350 oblato
499 2284 537 2348 de
565 2304 655 2348 more
678 2281 785 2382 elogio
810 2276 957 2343 reuocari
980 2275 1043 2338 ius-

53 2371 117 2454 sisse,
141 2375 226 2457 quod
255 2374 475 2438 inexorabiles
499 2394 626 2474 quoque
653 2370 814 2454 principes
842 2365 937 2430 factit
923 2366 1042 2428 terunt

31 2469 75 2520 ιἰ
59 2424 203 2528 teriitiale
217 2463 284 2528 hoc
307 2463 434 2547 uitium,
458 2461 575 2546 quod
565 2484 600 2526 m
615 2459 689 2524 aliis
712 2481 778 2524 non
796 2474 974 2538 numquam
997 2451 1043 2515 ιιι-

54 2553 202 2635 tepescitf
192 2575 229 2618 m
252 2553 314 2618 illo
338 2553 456 2618 aetatis
479 2571 653 2636 progressu
676 2545 914 2625 efferuescebat,
891 2541 1044 2607 tobsti-
1151 2576 1157 2584 ·

54 2643 139 2704 flatum
161 2643 230 2706 cius
244 2642 452 2726 propositum
475 2640 649 2706 accendent
651 2661 668 2702 e
634 2637 887 2702 tadulatorum
902 2630 1044 2696 οοιιοιιο.

118 2731 145 2794 6.
154 2730 247 2795 Inter
257 2753 339 2816 quos
353 2730 475 2796 Paulus
491 2729 655 2794 eminebat
672 2725 818 2791 notarius
834 2721 948 2788 ortus
939 2742 974 2784 m
986 2719 1044 2782 Hi·
1150 2783 1152 2788 .

55 2819 151 2901 Spania,
174 2820 293 2904 glabro
310 2819 441 2904 quidam
464 2819 523 2884 sub
538 2818 634 2884 uultu
656 2817 785 2916 latens,
795 2809 950 2878 odorandi
972 2808 1044 2872 uias

53 2906 245 2983 periculorum
261 2909 367 2974 occult
353 2913 405 2974 tas
419 2930 577 2993 perquam
591 2925 701 2990 sagax.
732 2904 761 2968 is
776 2903 811 2966 in
824 2897 1045 2996 Brittanniam

54 2995 147 3060 missus
168 3003 205 3062 ut
227 2998 390 3063 militares
409 2997 566 3082 quosdam
587 2995 776 3080 perduceret
800 3011 895 3056 ausos
920 2984 1046 3068 conspi-

53 3102 121 3148 rasse
141 3085 343 3172 Magnentio,
366 3109 439 3151 cnm
461 3086 560 3150 reniti
581 3107 648 3149 non
669 3084 811 3168 possent,
838 3079 927 3144 iussa
949 3075 1046 3140 lieen-

54 3170 103 3234 tius
127 3196 353 3260 supergressus
380 3176 523 3240 fluminis
552 3173 647 3239 modo
674 3170 813 3236 fortunis
843 3165 1047 3250 conplurium

56 3427 60 3477 1
107 3371 199 3490 ltapgo
216 3369 297 3422 ubi
285 3383 367 3449 aaron
386 3368 493 3422 iactata
508 3366 596 3435 uulgo
620 3364 745 3427 crimina,
764 3360 867 3431 quibus
888 3359 941 3427 tea
999 3353 1047 3408 uel

57 3444 116 3553 iiii
131 3519 179 3558 οιιι.
185 3435 551 3574 ιγοιὼιὶιωροιιιιιιίιοιιιι
565 3436 597 3557 (li
609 3434 704 3556 illiciti.
718 3428 847 3618 illdllqllp
861 3431 1050 3608 addidit}

56 3567 193 3626 nabata.
240 3591 260 3627 u
318 3579 351 3627 29
365 3571 536 3652 glabroGg
535 3570 617 3624 leber
632 3568 718 3623 VPbo
815 3554 1050 3618 orittanniaV

57 3631 96 3688 3
112 3639 311 3710 conplurium
300 3657 332 3696 ιο
350 3642 401 3696 loo.
422 3647 453 3695 ιο
470 3589 536 3696 littg
542 3637 610 3693 odd.
631 3637 667 3690 V‘
