2430 3928
268 195 519 250 CONSTANTIVS
537 196 583 250 ΕΤ
601 197 775 255 IVLIANVS
794 205 843 254 356
1003 199 1042 265 'll

50 338 86 386 10.
104 333 254 389 Oonrlmrtlr'
277 335 351 404 Ana.
378 335 512 390 mllltam'e
633 337 775 408 peditum
805 340 873 393 Tres
903 339 1045 393 Tabernas

107 418 137 457 aa
167 403 241 456 nelnt
273 403 451 472 triumphalia
479 405 512 459 r'n
632 406 768 460 adnuens
786 423 829 461 eos
845 413 967 475 reparat.

106 470 193 525 naen
208 470 325 526 Romam
342 471 490 541 mammons.
565 477 608 528 12.
631 473 710 528 Idan
728 475 951 530 Alamannorum
973 491 1047 544 repes

49 543 83 592 11.
103 539 230 594 Iulianas
253 539 357 594 Cacsar
378 539 512 595 Alcman·
636 542 759 596 Galliam
797 544 959 598 incubantes
998 543 1047 597 od·

104 621 151 660 noa
170 608 202 661 in
218 608 320 662 insulis
337 607 443 677 Rbem',
460 624 512 678 qno
633 611 761 679 proditur
778 617 802 665 et
823 612 953 666 barbaros
969 611 1048 680 arrad

104 691 130 730 se
150 679 175 729 et
195 691 248 731 cna
269 683 442 746 receperant,
464 677 513 732 ad·
634 679 848 748 Argentoratum
866 683 924 734 acle
942 679 1048 746 fundit.

125 853 155 920 1.
168 857 195 920 1.
205 855 296 921 Haec
308 879 365 940 per
380 859 493 922 orbem
506 858 689 923 Romanum
702 859 846 924 fatorum
855 861 965 924 ordine
976 883 1049 924 con·

48 951 124 1010 texto
146 950 296 1010 uersante
320 945 439 1012 Caesar
465 949 549 1030 apud
563 947 726 1021 Viennam
749 949 783 1012 in
806 950 981 1033 collegium
1003 949 1050 1012 fa-

48 1041 158 1099 storum
190 1057 211 1098 a
243 1037 375 1100 consule
404 1037 526 1102 octiens
554 1038 706 1122 Augusto
740 1038 880 1102 adscitus
913 1041 1049 1122 urgente

49 1125 171 1206 genirino
187 1125 303 1208 uigore
317 1146 499 1210 pugnarum
512 1126 658 1210 fragores
674 1127 848 1211 caedesque
862 1129 1049 1192 barbaricas

28 1212 228 1297 ssomniabat,
253 1215 407 1298 colligere
430 1216 615 1298 prouinciae
638 1215 822 1298 fragmenta
845 1217 909 1280 iam
924 1239 1051 1300 parans,

49 1303 71 1364 si
91 1303 244 1367 adfiusset
266 1303 346 1368 flatu
369 1305 500 1368 tandem
530 1305 677 1370 secundo.
723 1305 753 1368 2.
777 1307 853 1388 quia
875 1307 976 1390 igitur
999 1327 1051 1369 res

48 1412 169 1476 magnae
193 1415 276 1476 quas
299 1415 357 1476 per
372 1391 496 1458 Gallias
519 1395 641 1459 uirtute
665 1395 886 1479 felicitateque
906 1394 1053 1477 correxit,

49 1481 145 1546 multis
159 1485 311 1547 ueterum
333 1483 429 1547 factis
453 1483 593 1548 fortibus
617 1486 794 1568 praestant,
818 1484 948 1568 singula
971 1483 1053 1547 serie

48 1573 266 1656 progrediente
289 1573 488 1655 monstram,
511 1573 727 1636 instrumenta
750 1573 860 1638 omnia
882 1572 1053 1637 mediocris

20 1681 37 1715 n
48 1660 165 1744 ingenii,
189 1661 221 1726 si
244 1662 436 1746 suffecerint,
460 1666 688 1726 commoturus.
725 1663 754 1726 3.
769 1662 921 1747 quicquid
945 1667 1054 1726 autem

48 1751 237 1835 narrabitur,
270 1752 356 1835 quod
383 1773 448 1815 nou
480 1751 608 1816 falsitas
638 1755 754 1835 arguta
782 1752 965 1834 concinnat,
999 1751 1055 1815 sed

48 1840 114 1903 fides
144 1841 278 1924 integra
304 1863 412 1906 rerum
445 1841 588 1906 absoluit
620 1841 819 1904 documentis
853 1841 1055 1905 euidentibus

49 1927 173 2013 firltaad
182 1930 387 1995 laudatiuam
396 1953 497 2013 paene
505 1931 676 1994 materiam
685 1930 870 2014 pertinebit.
893 1929 1056 1994 4.uidetrrr

49 2019 123 2082 enirn
144 2020 198 2086 lex
221 2020 378 2104 quaedam
401 2019 488 2083 uitae
511 2018 656 2084 melioris
680 2019 765 2082 hunc
788 2020 936 2082 iuuenem
960 2040 984 2081 a
1001 2039 1056 2080 no-

21 2106 157 2173 abintus
187 2109 280 2174 cunis
310 2108 350 2172 ad
377 2131 477 2192 usque
506 2107 658 2193 spiritum
681 2109 836 2172 comitata
863 2129 1056 2190 supremum.

50 2219 175 2282 namque
206 2199 415 2262 incrementis
443 2197 610 2262 uelocibus
638 2197 686 2261 ita
708 2197 796 2260 domi
819 2197 962 2280 forisque
985 2218 1057 2259 con-

50 2285 121 2350 luxit
142 2292 180 2353 ut
204 2288 378 2372 prudentia
394 2286 603 2370 [Vespasiani
625 2286 726 2366 filius]
743 2285 837 2349 Titus
861 2286 945 2349 alter
965 2285 1058 2348 aesti-

50 2380 192 2461 maretur,
222 2377 385 2441 bellorum
413 2376 567 2460 gloriosis
597 2375 743 2440 cursibus
772 2373 905 2438 Traiani
934 2372 1059 2436 similli-

51 2485 120 2548 mae,
143 2468 287 2532 clemens
311 2471 348 2530 ut
366 2464 561 2548 Antoninus,
584 2468 691 2528 rectae
715 2463 939 2548 perfectaeque
962 2461 1059 2525 ratio-

22 2569 41 2606 -r
51 2555 92 2618 nis
114 2556 271 2640 indagine
295 2575 475 2640 congruens
489 2553 610 2638 Marco,
634 2554 673 2618 ad
697 2553 785 2617 cuius
810 2551 1060 2616 aemulationem

53 2649 131 2710 arua
155 2667 233 2710 suos
259 2645 438 2730 effingebat
452 2647 485 2707 et
498 2665 613 2708 mores.
659 2642 689 2707 5.
704 2646 737 2706 et
751 2642 912 2725 quoniam,
935 2643 972 2705 ut
986 2639 1061 2702 Tul-

53 2730 130 2800 liana
143 2735 241 2800 docet
264 2733 450 2816 auctoritas,
474 2733 618 2798 omnium
632 2751 824 2816 magnarum
839 2731 957 2794 artium
979 2729 1062 2792 sicut

53 2824 197 2890 arborum
221 2824 360 2889 altitudo
384 2844 444 2887 nos
468 2821 617 2905 delectat,
645 2820 768 2884 radices
793 2819 973 2903 stirpesque
996 2839 1063 2880 non

53 2909 130 2998 item
153 2915 202 2978 sic
225 2913 411 2996 praeclarae
430 2911 525 2975 huius
549 2910 667 2975 indolis
686 2909 870 2972 rudimenta
890 2912 968 2970 tunc
983 2906 1063 2970 mul-

22 3017 41 3053 Ξῖ)
52 3002 90 3064 tis
119 3001 389 3068 obnubilantibus
419 3000 628 3084 tegebantur,
661 3021 742 3082 quae
776 2996 929 3061 anteferri
962 2995 1062 3079 gestis

55 3089 114 3154 cius
136 3095 255 3176 postea
276 3091 388 3156 multis
404 3095 436 3154 et
456 3089 547 3154 miris
571 3088 632 3152 hac
655 3087 782 3152 ratione
797 3087 959 3169 deberent,
979 3084 1064 3169 quod

54 3179 233 3246 adulescens
248 3180 432 3263 primaeuus
447 3181 484 3243 ut
492 3177 694 3243 Erechtheus
710 3177 744 3240 in
759 3197 884 3264 secessu
899 3174 1064 3239 Mineruae

117 3463 273 3517 llatorum
291 3463 306 3516 t
324 3479 342 3516 a
358 3461 496 3540 factorum
522 3459 548 3512 V
616 3465 631 3513 5
658 3457 806 3512 somnabat
834 3456 885 3509 VP
964 3460 995 3546 1¹7·
1018 3469 1066 3505 ue-

56 3531 187 3648 sgassiani
205 3531 279 3586 filius
330 3529 433 3635 dqlcmt
450 3527 572 3608 Wapner
611 3533 642 3582 21
662 3541 727 3580 suos
744 3521 1068 3646 ⁰⁷ss'dfli‘heu2s2g'2'reti

58 3667 69 3716 h
68 3605 180 3720 lseaggwir
179 3597 230 3721 11,ss
253 3606 286 3655 46
358 3604 389 3652 Η4
406 3597 612 3652 rtussdmcnta
641 3595 668 3649 V
716 3599 748 3648 27
787 3607 826 3645 rrc
