2530 3922
175 202 214 266 16
560 195 627 250 xm
646 201 670 261 1,
689 200 765 262 1-1,
784 201 799 249 5

172 365 243 408 sese
271 343 458 427 repentinus
486 340 605 405 infudit
629 344 662 404 et
688 341 854 405 ferebatur
877 359 935 422 per
959 341 1086 422 strages
1110 338 1197 402 mul-

171 433 301 517 tiplices
325 455 362 498 ac
384 431 504 514 ruinas,
527 431 667 494 uinculis
691 430 837 494 membra
864 428 1079 514 ingenuorum
1102 427 1197 492 adfli-

172 541 252 606 gens
286 525 318 585 et
351 521 508 606 quosdam
540 521 691 584 obterens
719 519 866 602 manicis,
899 517 1035 582 crimina
1065 517 1196 582 scilicet

172 611 277 675 multa
300 609 553 674 consarcinando
583 633 602 674 a
624 609 763 674 ueritate
791 609 889 693 longe
913 606 1062 672 discreta.
1106 605 1195 670 unde
1255 613 1256 642 ³

173 699 350 764 admissum
374 703 424 764 est
446 698 572 764 facinus
596 699 743 782 impium,
766 697 852 782 quod
866 695 1039 762 Constanti
1060 699 1223 779 tempusa

172 788 635 873 notainusseratsempiterna.
660 787 857 853 7.Martinus
866 807 966 871 agens
976 785 1051 850 illas
1061 784 1196 868 prouin-

173 878 239 941 cias
263 899 322 960 pro
345 876 518 960 praefectis
533 899 703 942 aerumnas
726 876 947 941 innocentium
970 873 1115 959 grauiter
1139 893 1196 957 ge-

172 988 263 1030 mens
288 988 446 1051 saepeque
465 966 647 1050 obsecrans,
670 969 707 1031 ut
726 966 767 1030 ab
782 966 870 1030 omni
885 965 981 1048 culpa
1004 963 1194 1028 inmunibus

172 1059 367 1139 parceretur,
391 1077 463 1120 cum
476 1078 543 1120 non
565 1057 753 1140 inpetraret,
776 1054 963 1119 minabatur
986 1075 1020 1117 se
1034 1052 1194 1116 discessu·

172 1165 258 1207 rum:
282 1148 319 1208 ut
342 1145 460 1209 saltem
483 1144 516 1209 id
539 1150 686 1210 metuens
709 1143 907 1230 perquisitor
921 1142 1095 1208 maliuolus
1119 1145 1194 1205 tan-
1212 1168 1257 1228 10,

173 1232 246 1296 dem
268 1233 429 1298 desineret
453 1235 555 1318 quieti
578 1234 715 1299 coalitos
739 1234 885 1298 homines
909 1232 1080 1316 inaperta
1108 1231 1195 1314 peri-

155 1322 247 1386 'cula
260 1323 449 1406 proiectare.
495 1323 524 1388 8.
538 1345 597 1407 per
614 1323 677 1388 hoe
691 1324 794 1388 minui
812 1321 955 1387 studium
973 1343 1067 1386 suum
1081 1320 1196 1384 existi·
1256 1351 1257 1354 ¹

173 1432 265 1476 mans
289 1411 421 1496 Paulus,
448 1416 484 1478 ut
507 1416 578 1478 erat
604 1413 640 1477 in
662 1411 882 1497 oonplieandis
905 1410 1047 1494 negotiis
1072 1408 1195 1474 artifex

173 1500 271 1584 dirus,
293 1501 377 1566 unde
400 1501 430 1565 ei
445 1500 586 1566 Catenae
609 1502 749 1566 inditum
763 1505 812 1566 est
827 1503 1085 1586 cognomentum,
1105 1498 1195 1562 uica-

173 1589 258 1653 rium
279 1589 387 1673 ipsum
411 1612 465 1654 eos
480 1591 597 1674 quibus
620 1596 771 1674 praeerat
784 1591 886 1656 adhuc
905 1589 1128 1654 defensantem
1151 1587 1196 1650 ad
1212 1611 1237 1649 15

174 1681 296 1741 sortem
318 1678 535 1760 periculorum
550 1681 769 1745 communium
791 1681 901 1744 traxit.
938 1682 971 1744 et
993 1677 1141 1743 instabat
1155 1681 1196 1740 ut

174 1787 246 1829 eum
270 1788 396 1850 quoque
420 1788 492 1830 cum
515 1769 655 1834 tribunis
677 1773 710 1833 et
734 1769 807 1834 aliis
830 1768 978 1852 pluribus
1003 1768 1042 1832 ad
1057 1768 1195 1832 comita-

174 1857 243 1918 tum
266 1854 472 1939 imperatoris
487 1857 632 1922 uinctum
654 1859 856 1943 perduceret:
880 1879 943 1942 quo
967 1857 1110 1941 percitus
1133 1856 1195 1920 1111

174 1943 272 2008 exitio
295 1948 432 2028 urgente
456 1946 594 2031 abrupto
618 1947 704 2012 ferro
729 1947 864 2012 eundem
883 1947 1028 2013 adoritur
1041 1945 1195 2011 Paulum.

174 2035 206 2096 et
230 2032 306 2117 quia
333 2033 508 2118 languente
532 2035 664 2100 dextera
690 2037 835 2102 letaliter
861 2037 957 2102 ferire
984 2058 1051 2100 non
1073 2036 1196 2119 potuit,
1211 2059 1236 2097 ao

172 2121 239 2184 iam
261 2122 446 2187 districtum
468 2145 654 2189 mucronem
681 2125 716 2190 in
742 2125 909 2211 proprium
939 2127 1026 2191 latus
1054 2125 1197 2209 inpegit.

173 2209 297 2294 hocque
321 2211 458 2276 deformi
480 2233 596 2297 genere
619 2216 735 2280 mortis
760 2215 897 2280 excessit
919 2237 935 2278 e
958 2215 1029 2279 uita
1051 2214 1197 2278 iustissi-
1257 2269 1258 2294 ,

172 2321 243 2364 mus
273 2304 380 2366 rector
410 2324 506 2366 ausus
527 2303 729 2368 miserabiles
754 2327 847 2368 casus
870 2304 979 2374 leuare
1003 2304 1197 2368 multorum.
1257 2329 1258 2338 ¹

173 2389 203 2452 9.
227 2390 343 2473 quibus
367 2391 415 2455 ita
438 2392 573 2456 sceleste
596 2395 736 2477 patratis
759 2393 880 2458 Paulus
904 2415 1016 2458 cruore
1038 2393 1196 2476 perfusus

138 2492 142 2500 ’
172 2499 384 2563 reuersusque
400 2480 440 2544 ad
462 2482 617 2566 principis
633 2487 740 2547 castra
763 2482 883 2546 multos
899 2486 1067 2566 coopertos
1086 2504 1196 2565 paene
1211 2505 1237 2542 aa

173 2567 295 2631 catenis
310 2568 443 2633 adduxit
457 2570 492 2633 in
506 2571 691 2656 squalorem
704 2571 844 2636 deiectos
869 2574 966 2656 atque
980 2571 1197 2652 maestitiam,

173 2676 309 2740 quorum
333 2657 474 2722 aduentu
501 2659 752 2724 intendebantur
779 2659 880 2724 eculei
908 2681 1070 2744 uncosque
1097 2681 1196 2744 para-

172 2743 231 2808 bat
263 2745 405 2810 carnifex
434 2751 467 2811 et
498 2749 672 2814 tormenta.
728 2753 760 2814 11
787 2771 826 2814 ex
853 2749 882 2814 is
909 2749 1085 2833 proscripti
1114 2754 1196 2813 sunt

171 2833 280 2916 plures
304 2835 431 2919 actique
459 2836 494 2899 in
517 2837 650 2902 exilium
673 2838 740 2924 alii,
766 2861 832 2904 non
853 2837 961 2903 nullos
990 2838 1094 2922 gladii
1118 2859 1195 2904 con·

173 2943 336 3006 sumpsere
357 2923 521 3007 poenales.
556 2949 615 2991 nec
630 2927 715 2992 enim
731 2929 902 3014 quisquam
924 2927 1021 2992 facile
1040 2927 1194 2992 meminit
1208 2949 1238 2988 so

171 3011 231 3076 sub
260 3010 462 3098 Constantio,
489 3015 547 3079 ubi
575 3039 706 3082 susurro
735 3021 828 3082 tenus
855 3017 935 3082 haec
963 3016 1192 3099 mouebantur,

171 3121 365 3185 quemquam
389 3103 584 3169 absolutum.

170 3315 325 3432 mingens}
345 3311 437 3434 11111ὶί1)
458 3332 509 3436 *ὁ*
526 3313 597 3394 (fait
619 3314 845 3438 disl)Pq)riminal
858 3315 885 3370 V
931 3322 947 3371 6
969 3316 1110 3370 inusserat
1136 3315 1191 3393 111

171 3445 201 3498 11
221 3396 307 3502 VPia
375 3384 1124 3522 *1111113916011191111911111131811611γῇωῶ
1138 3384 1191 3505 {il

170 3511 290 3582 abrepto
307 3515 360 3638 bbqo
420 3523 452 3572 23
470 3517 669 3597 rectorEmst
686 3535 798 3574 remora
844 3519 926 3575 GAP
977 3526 1010 3575 21
1027 3519 1191 3598 1111111ῙΡ

169 3585 294 3707 potqqeriq
314 3585 583 3708 Vyexsspisaqqlpcptrs
609 3585 688 3640 VAP
714 3586 855 3642 adducens
880 3587 906 3642 G
948 3593 981 3643 28
1004 3589 1090 3642 etex
1108 3605 1143 3641 us
1163 3587 1191 3640 G
