2530 3922
289 131 768 220 CONSTANTIVSETGALLUS
787 171 837 220 soa
1031 165 1079 233 25

85 313 249 373 contentum
275 308 431 392 palatinis
455 313 488 373 et
514 312 736 392 protectorum
764 331 837 374 cum
861 309 1017 375 Scutariis
1042 317 1074 377 et
1188 365 1195 376 .

85 398 256 481 Gentilibus,
283 400 315 462 et
337 397 515 462 mandabat
536 397 736 480 Domitiano,
765 421 803 462 ex
832 399 948 463 comite
976 400 1075 486 largi-

83 489 199 573 tionum,
219 487 383 571 praefecto
406 491 443 552 ut
466 509 539 552 cum
561 487 596 552 in
620 485 748 571 Syriam
771 488 905 573 uenerit,
934 485 1076 574 Gallum,

85 599 164 660 quem
189 577 297 644 crebro
326 577 497 661 acciperat,
525 577 566 642 ad
593 576 726 641 Italiam
753 599 928 664 properare
955 579 1075 643 blande

64 665 248 732 ohortaretur
270 672 300 732 ct
320 667 507 732 uerecunde.
537 667 587 732 10.
607 667 748 750 quicum
762 667 906 732 uenisset
929 668 971 731 ob
995 665 1075 733 haee

83 756 225 820 festinatis
257 756 431 822 itineribus
462 755 687 840 Antiochiam,
702 750 708 758 '
722 756 925 840 praestrictis
958 757 1076 842 palatii

83 845 178 930 ianuis,
204 849 389 931 contempto
419 843 566 930 Caesare,
595 865 691 930 quem
718 844 821 910 uideri
847 843 1007 931 decuerat,
1036 846 1076 912 ad

82 936 259 1016 praetorium
288 945 360 1001 crim
387 957 508 1021 pompa
536 933 687 1000 sollemni
710 933 854 1019 perrexit
881 935 1076 1021 morbosque

82 1023 124 1088 dio
144 1029 290 1090 causatus
313 1045 372 1090 nec
394 1025 520 1108 regiam
542 1023 671 1089 introiit
692 1043 751 1088 nec
774 1024 937 1108 processit
964 1025 999 1089 in
1021 1048 1076 1110 pu-

55 1113 192 1199 oblicum,
214 1111 271 1180 sed
294 1113 423 1180 abditus
447 1113 551 1182 multa
573 1114 608 1178 in
631 1113 698 1178 eius
722 1113 919 1178 moliebatur
942 1114 1077 1179 exitium

82 1202 181 1268 addens
196 1203 354 1294 quaedam
367 1203 582 1270 relationibus
607 1221 814 1288 superuacua,
837 1225 917 1288 quas
942 1203 1076 1268 subinde

81 1291 247 1358 dimittebat
257 1293 302 1359 ad'
312 1293 503 1378 principem.
528 1293 579 1357 11.
592 1297 725 1376 rogatus
741 1292 782 1357 ad
796 1292 947 1356 ultimum
961 1291 1078 1358 admis-

81 1403 179 1466 susque
195 1383 229 1448 in
243 1383 474 1448 consistorium
489 1381 627 1472 ambage
641 1381 734 1446 nulla
756 1401 947 1468 praegressa
971 1381 1080 1446 incon-

81 1471 201 1536 siderate
224 1475 257 1536 et
286 1472 405 1537 leuiter
427 1471 648 1556 ‘proficiscere'
671 1471 778 1560 inquit
800 1467 846 1534 ‘ut
868 1474 1078 1554 praeceptum

53 1563 126 1644 uest,
147 1559 265 1626 Caesar·
279 1561 385 1628 sciens
400 1561 485 1648 quod
509 1561 537 1625 si
552 1561 739 1643 cessaueris,
762 1563 795 1623 et
817 1563 891 1623 tuas
906 1562 939 1623 et
961 1559 1079 1644 palatii

78 1651 117 1712 tui
136 1649 252 1720 aufmri
276 1651 396 1716 iubebo
419 1673 520 1736 prope
543 1649 628 1714 diem
651 1650 814 1714 annonas'.
859 1647 983 1733 hocque
1008 1649 1078 1714 solo

80 1741 297 1812 contumaciter
320 1739 406 1806 dioto
435 1741 599 1807 subiratus
624 1737 782 1806 abscessit
804 1759 863 1802 nec
890 1736 925 1801 in
949 1759 1080 1821 conspe·

79 1833 151 1893 etum
164 1829 231 1895 eius
245 1832 364 1914 postea
386 1828 477 1895 uenit
492 1829 621 1914 saepius
645 1829 829 1893 arcessitus.
854 1826 904 1890 12.
923 1826 999 1892 hinc
1021 1827 1079 1890 ille

80 1923 241 1984 commotus
275 1921 314 1984 u't
345 1916 467 1985 iniusta
499 1917 664 2003 perferens
698 1920 731 1982 et
762 1915 897 2000 indigna
923 1915 1080 2001 praefecti

52 2029 69 2065 n
79 2009 241 2074 custodiam
269 2009 512 2094 protectoribus
540 2008 752 2073 mandauerat
784 2005 866 2070 fidis.
917 2027 979 2090 quo
1008 2027 1080 2070 con-

80 2102 156 2177 perto
169 2095 318 2163 Montius
340 2101 419 2163 tunc
442 2099 595 2183 quaestor
608 2095 689 2161 Afer
709 2095 836 2179 quidem
861 2094 916 2158 sed
940 2095 980 2160 ad
1003 2094 1081 2158 leni-

79 2190 165 2251 tatem
195 2187 402 2272 propensior,
435 2187 604 2256 consuleus
637 2185 672 2250 in
705 2205 873 2249 commune
905 2181 1080 2249 aduocatos

79 2275 286 2355 palatinarum
311 2276 439 2362 ‚primos
467 2275 653 2341 scholarum
676 2271 844 2338 adlocutus
873 2291 923 2336 eso
950 2268 1081 2336 mollius

79 2363 177 2432 doeens
204 2388 267 2434 nec
297 2363 407 2430 decere
435 2362 516 2430 haec
544 2364 613 2429 fieri
637 2385 696 2428 nec
745 2361 875 2428 rodesse
899 2361 1082 2444 addensque

53 2472 70 2507 a
80 2455 153 2519 uocis
166 2455 396 2540 obiurgatorio
412 2475 493 2519 sonu
508 2454 593 2540 quod
608 2453 636 2517 si
650 2451 683 2517 id
696 2385 849 2536 pibceret,
866 2452 941 2535 post
956 2452 1084 2514 statuas

80 2539 249 2622 (bustantii
260 2543 404 2614 deiectas
419 2564 515 2627 super
530 2541 699 2608 adimenda
712 2541 782 2606 uita
796 2539 960 2624 praefecto
971 2560 1089 2604 conue-v
1125 2583 1127 2588 -

79 2631 133 2696 niet
146 2635 293 2698 securius
308 2632 456 2718 cogitari.
482 2633 531 2698 13.
549 2632 601 2696 his
617 2629 757 2722 cognitis
772 2627 886 2693 Gallus
901 2632 937 2693 ut
952 2646 1083 2714 serpens

80 2720 226 2804 adpetitus
241 2722 312 2787 telo
327 2722 381 2794 uel
405 2745 450 2787 sa·
465 2744 483 2788 ο
498 2722 627 2806 iamque
643 2741 717 2804 spes
736 2722 897 2783 extremas
913 2717 1084 2803 opperiens

80 2815 105 2872 et
124 2830 312 2878 succurrens
336 2806 434 2876 saluti
459 2819 535 2876 suae
551 2809 667 2895 quauis
689 2809 817 2874 ratione
836 2805 950 2892 colligi
973 2827 1086 2870 omnes

51 2915 69 2953 o
80 2897 161 2965 iussit
174 2901 324 2966 armatos
338 2903 371 2970 ct
386 2921 411 2966 cr
428 2919 458 2964 m
472 2902 598 2965 starent
613 2897 755 2982 attoniti,
778 2895 927 2962 districta
941 2893 1093 2958 dentium.

80 2987 137 3053 acie
161 2990 306 3056 stridens
334 2987 407 3055 ‘ade
423 2991 462 3054 te'
490 2988 596 3073 inquit
623 2986 696 3051 ‘uiri
722 2985 824 3050 fortes
852 2983 934 3048 mihi
960 2983 1093 3068 pericli·-

80 3079 343 3144 tantiuobiscum.
359 3079 409 3143 14.
419 3077 563 3144 Montius
573 3098 632 3140 nos
642 3079 769 3140 tumore
779 3073 936 3139 inusitato
947 3072 1086 3157 quodam

81 3169 105 3228 et
125 3190 205 3234 nouo
235 3171 277 3232 ut
298 3167 432 3232 rebell's
457 3169 490 3232 et
517 3163 683 3230 maiestati
709 3160 954 3228 recalcitrantes
977 3159 1093 3246 Augu--

79 3325 285 3339 *hu-¹·—

138 3435 230 3508 apost
248 3385 396 3508 praefecto
413 3383 480 3484 add.
493 3428 634 3512 'prouectu
655 3424 708 3481 VP
724 3430 775 3481 om.
793 3425 846 3496 δρα
913 3422 1091 3545 lyacciuprfat

81 3491 414 3644 ldibedliriyadidirerlii’ys
420 3491 839 3644 qeeqepppotupf’ppovaokppupye
852 3507 904 3614 opp.
919 3496 1090 3638 condtbntiiri

85 3627 177 3702 VPbpa
211 3632 366 3688 adimenda
382 3631 435 3687 ΟΛ
456 3632 610 3687 adimentia
625 3630 694 3685 VPb
729 3627 1046 3684 ssuobseommoaios
1059 3624 1094 3680 V.
