2430 3928
237 228 488 286 cousrsuclvs
506 229 554 285 ΕΤ
573 229 749 286 lumenve
768 235 817 286 ott
993 234 1032 300 97

39 373 189 456 opimitate
211 371 404 458 praedarum
427 373 545 458 onusti,
568 373 659 438 cuius
682 377 809 457 partem
831 374 867 440 ui
893 373 1036 440 fluminis

38 463 206 547 amisenmt,
220 461 344 527 rediere
355 467 466 528 omnes
480 461 668 528 incolumes.
685 463 735 528 10.
745 462 871 548 hocque
882 469 1035 549 conperto

37 552 141 617 residui
155 551 318 636 Germani,
340 555 377 617 ut
399 551 498 617 infido
522 551 685 636 praesidio
708 551 889 618 insularum
912 553 1037 638 relicte,

36 640 240 706 adulteriora
261 641 514 706 necessitudines
538 644 571 706 et
593 641 704 726 fruges
728 663 869 726 opesque
892 641 1038 708 barbari-

16 752 80 793 scas
93 729 304 796 contulerunt.
328 731 377 795 11.
392 751 566 796 conuersus
580 729 657 795 hinc
670 729 817 796 Iulianus
832 731 874 796 ad
887 751 1038 817 reparan-

36 818 83 883 das
108 819 185 885 Tres
213 821 382 904 tabernas,
414 820 652 886 munimentum
683 819 732 884 ita
765 820 1038 906 cognominatum,

35 906 102 972 haut
130 909 178 974 ita
211 909 330 975 dudum
362 909 583 976 obstinatione
620 909 810 975 subuersum
847 908 964 976 hostili
995 946 1037 958 --

37 1018 87 1080 quo
108 997 278 1064 aedificato
303 1000 475 1064 constabat
497 999 538 1064 ad
561 999 678 1064 intima
692 997 883 1084 Galliarum,
905 1003 943 1064 nt
966 1021 1039 1065 con-

36 1092 202 1172 sueuerant,
216 1087 306 1153 edire
317 1087 497 1154 Germanos
512 1088 615 1153 arceri
629 1125 672 1134 ·-
686 1090 719 1153 et
733 1109 815 1172 opus
830 1109 887 1172 spe
902 1088 1038 1155 celerius

7 1178 260 1244 reconsummauit
288 1182 321 1243 et
347 1179 470 1244 uictum
499 1177 722 1244 defensoribus
749 1176 797 1241 ibi
825 1177 969 1243 locandis
1000 1201 1039 1244 ex

35 1265 199 1332 barbaricis
227 1268 389 1333 messibus
416 1289 484 1333 non
511 1267 580 1332 sine
605 1266 802 1332 discriminis
829 1271 920 1332 metu
943 1267 1040 1332 colle-

34 1359 107 1418 ctum
119 1355 239 1421 militis
253 1379 352 1422 manu
366 1357 510 1423 condidit
524 1357 565 1421 ad
578 1379 655 1422 usus
670 1355 746 1420 anni
769 1356 881 1420 totius.
911 1356 961 1421 12.
980 1377 1039 1422 nec

34 1466 96 1508 sane
127 1445 191 1510 hoc
225 1447 295 1511 solo
324 1451 495 1512 contentus
528 1446 593 1511 sibi
620 1467 746 1531 qnoque
769 1444 891 1529 uiginti
914 1443 1039 1510 dierum

33 1533 178 1602 alimenta
207 1541 325 1620 parata
356 1537 500 1621 collegit.
553 1534 710 1600 libentius
743 1535 829 1600 enim
860 1533 1039 1599 bellatores

6 1643 21 1676 r.
32 1625 168 1704 quaesito
201 1625 342 1691 dexteris
374 1626 516 1710 propriis
548 1626 724 1690 utebantur
757 1621 929 1688 admodum
960 1623 1040 1688 indi-

32 1715 121 1800 gnati,
145 1716 301 1799 quoniam
324 1737 363 1779 ex
386 1718 578 1798 commeatu,
602 1713 658 1799 qui
681 1714 728 1778 eis
751 1735 863 1778 recens
887 1713 1040 1779 aduectus

31 1807 84 1886 est,
111 1804 187 1869 ideo
215 1804 301 1869 nihil
329 1826 456 1870 sumere
484 1807 661 1890 potuerunt
694 1802 780 1887 quod
811 1806 940 1888 partem
971 1803 1040 1867 eius

33 1890 188 1978 Barbatio,
221 1916 294 1960 cum
324 1895 481 1960 transiret
512 1895 616 1979 iuxta,
650 1892 786 1976 superbe
809 1892 1041 1977 praesumpsit:

31 1982 187 2048 residuum
211 1984 296 2069 quod
320 1984 481 2069 superfuit
503 1987 695 2068 congestum
717 1982 753 2045 in
776 2003 928 2046 aceruum
951 2003 1041 2046 exus-

7 2091 21 2124 u
32 2072 75 2156 sit,
96 2095 181 2157 quae
203 2077 315 2139 utrum
337 2079 375 2138 ut
397 2097 501 2140 uanus
525 2072 662 2159 gerebat
685 2074 719 2135 et
732 2071 874 2155 demens,
898 2091 940 2134 an
953 2092 1042 2135 man·

33 2159 97 2226 datu
127 2163 289 2248 principis
320 2163 517 2229 confidenter
549 2161 690 2227 nefanda
720 2160 825 2224 multa
857 2159 1043 2244 temptabat

32 2273 119 2335 usque
132 2253 171 2317 in
184 2253 219 2318 id
232 2253 391 2339 temporis
403 2253 511 2319 latuit
528 2253 578 2316 13.
592 2250 675 2316 illud
688 2253 800 2314 tamen
809 2270 938 2313 rumore
947 2252 1042 2313 tenus

32 2339 139 2425 ubique
163 2343 348 2408 iactabatur
371 2343 457 2427 quod
475 2341 621 2407 Iulianus
644 2361 711 2404 non
732 2338 900 2403 leuaturus
924 2337 1042 2402 incom-

31 2431 115 2495 moda
144 2429 328 2498 Galliarum
356 2433 479 2498 electus
507 2435 567 2515 est,
597 2429 653 2494 sed
680 2432 717 2493 ut
743 2427 849 2511 possit
870 2448 928 2511 per
955 2425 1043 2489 bella

9 2535 18 2568 ι’
34 2518 122 2584 deleri
146 2521 347 2604 saeuissime,
369 2522 459 2586 rudis
483 2521 583 2586 etiam
606 2523 677 2583 tum
695 2521 732 2582 ut
747 2515 995 2583 existimabatur
1009 2520 1044 2579 et

32 2629 63 2670 ue
78 2611 222 2675 sonitum
236 2611 367 2696 quidem
381 2598 743 2676 duraturus‘armorum.
768 2606 819 2670 14.
834 2605 910 2669 dum
924 2609 1044 2670 castro-

32 2719 94 2762 rum
124 2721 224 2783 0pera
246 2704 373 2766 mature
397 2702 600 2784 consurgunt
623 2695 804 2779 militisque
833 2717 908 2778 pars
933 2693 1044 2758 statio-

32 2807 80 2850 nes
101 2789 288 2872 praetendit
302 2789 459 2874 agrarias,
484 2789 550 2854 alia
563 2787 727 2852 frumenta
749 2784 942 2848 insidiarum
955 2787 1045 2847 metu

33 2877 152 2961 colligit
184 2883 294 2964 ceute,
327 2878 504 2944 multitudo
536 2875 708 2942 barbarica
743 2895 908 2940 rumorem
943 2871 1045 2936 nimia

10 2983 19 3018 ι
34 2966 200 3033 uelocitate
222 2991 399 3052 praeuersa
422 2967 656 3032 Barbationem
680 2985 752 3029 cum
783 2962 927 3027 exercitu
950 2981 1045 3045 quem

33 3057 172 3144 regebat,
203 3062 241 3122 ut
267 3058 472 3143 praedictum
500 3060 566 3140 est,
597 3054 724 3120 Gallico
751 3051 839 3135 uallo
870 3050 1045 3116 discretum

31 3144 148 3229 impetu
182 3148 355 3230 repentino
388 3147 545 3232 adgressa
577 3165 777 3230 sequensque
809 3141 973 3224 fugientes
1006 3140 1046 3204 ad

33 3257 127 3317 usque
148 3236 316 3302 Rauracos
346 3242 378 3301 et
405 3237 495 3301 ultra
518 3235 624 3319 quoad
646 3233 767 3318 potuit,
789 3235 884 3314 rapta
908 3229 1045 3296 sarcina-

33 3345 101 3386 rum
123 3330 154 3390 et
174 3327 396 3392 iumentorum
411 3348 483 3390 oum
507 3324 675 3389 calonibus
699 3325 792 3404 parte
807 3320 949 3385 maxima
961 3318 1047 3382 redit

103 3577 133 3624 lc
149 3573 223 3641 quod
241 3573 295 3643 tyu
313 3587 387 3640 quae
408 3571 460 3626 VP
529 3573 584 3625 *21
608 3569 699 3624 multa
720 3567 852 3644 tentabat
872 3567 933 3631 (cru.
956 3577 1045 3628 usque

36 3637 74 3696 in>
95 3637 121 3690 G
136 3639 216 3694 multi
233 3639 396 3710 temptabat
411 3657 501 3708 usque
519 3639 549 3694 in
564 3639 591 3694 V
622 3645 654 3693 21
672 3635 833 3706 temptabat
849 3662 883 3676 —
900 3638 933 3687 22
950 3632 1047 3684 tamen

36 3704 104 3758 odd.
123 3705 163 3761 V¹²¹
203 3714 236 3765 27
256 3709 429 3778 consurgunt
448 3709 475 3766 G
492 3707 638 3777 consurgit
657 3706 743 3762 VPtu

90 3802 216 3849 Amisus
231 3807 415 3850 Muennmuva
872 3796 887 3844 7
