2430 3928
159 190 201 256 33
562 187 627 242 xvi
645 194 669 254 a,
682 195 765 244 i-ra

161 355 235 418 ceps
250 333 291 398 ob
307 331 522 399 decetionem.
544 332 575 396 4.
593 332 631 417 is,
650 335 688 396 ut
702 331 896 416 loquebatur
909 331 1089 415 iactantius,
1102 353 1158 394 uer-

161 421 300 489 sabilem
326 421 482 488 feminam
504 426 580 506 post
607 420 782 486 nefandum
810 422 1016 486 concubitum
1038 421 1072 484 in
1092 421 1158 504 pari-

161 512 305 579 eulosam
331 509 479 576 fraudem
505 511 635 576 inlexit:
664 511 768 576 suasit
795 511 1028 576 consarcinatis
1050 511 1159 574 menda·
1203 529 1206 570 l

161 602 220 666 ciis
247 601 356 668 laesae
378 600 559 666 maiestatis
588 622 751 666 arcessere
780 601 935 666 maritum
962 600 1119 666 insontem
1137 603 1161 662 et

160 691 284 774 fingere
308 690 392 774 quod
415 690 564 756 uelamen
590 713 788 774 purpureum
810 713 831 755 a
852 690 1052 756 Diocletiani
1073 687 1177 772 sepul-³

161 801 215 844 cro
229 779 356 846 furatus
371 779 565 863 quibusdam
579 779 716 846 consciis
736 780 931 846 occultabat.
955 779 984 844 5.
1003 779 1115 863 hisque
1131 777 1162 841 ad

161 869 339 934 multorum
362 869 498 934 exitium
520 869 569 934 ita
591 869 742 934 formatis
765 869 835 953 ipse
862 891 920 954 spe
947 869 1109 954 potiorum
1132 866 1163 930 ad

161 957 369 1043 imperatoris
392 959 543 1042 paruolat
566 963 673 1024 castra
696 958 894 1024 excitaturus
909 959 1087 1024 calumnias
1105 977 1163 1020 eon·
1206 985 1207 1020 2

162 1053 280 1114 suetas.
325 1069 424 1131 reque
447 1051 603 1132 conperta
629 1048 760 1113 iubetur
782 1047 963 1114 Mauortius
985 1052 1065 1112 tunc
1090 1067 1164 1131 prae

161 1137 264 1202 fectus
287 1137 466 1221 praetorio,
493 1137 545 1202 uir
568 1138 717 1203 sublimis
742 1139 945 1203 constantiae
968 1138 1092 1203 crimen
1112 1133 1188 1199 acris

162 1226 374 1311 inquisitione
406 1229 553 1310 spectare
589 1227 701 1293 iuncto
734 1227 775 1293 ad
807 1228 958 1292 audiendi
990 1227 1164 1293 societatem

161 1315 283 1382 Vrsulo
306 1315 522 1400 largitionum
545 1317 678 1400 comite,
701 1317 886 1382 seueritatis
910 1317 1026 1384 itidem
1048 1338 1112 1381 nun
1130 1313 1165 1377 in·

162 1406 358 1490 probandae.
381 1406 412 1472 6.
436 1409 632 1490 exaggerato
655 1407 766 1491 itaque
788 1406 921 1491 negotio
945 1407 986 1472 ad
1010 1403 1165 1472 arbitrium

162 1501 345 1579 temporum
368 1517 442 1560 cum
463 1494 547 1560 nihil
570 1500 645 1580 post
672 1499 836 1561 tormenta
859 1497 1039 1562 multorum
1061 1491 1166 1560 inueni·

161 1589 251 1650 retur
283 1585 467 1669 iudicesque
498 1584 671 1650 haererent
703 1585 865 1669 ambigui,
894 1585 1030 1652 tandem
1061 1583 1166 1649 ueritas
1177 1597 1191 1636 1³

161 1673 337 1756 respirauit
363 1694 519 1758 oppressa
547 1677 581 1739 ct
602 1675 638 1739 in
665 1675 803 1759 abrupto
830 1675 1038 1740 necessitatis
1067 1671 1167 1738 mulier

161 1761 315 1826 Rufinum
351 1762 455 1827 totius
492 1764 663 1828 machinae
699 1764 871 1829 confitetur
907 1769 1090 1847 auctorem,
1122 1780 1168 1824 nec

163 1850 316 1914 adulterii
343 1850 499 1916 foeditate
527 1875 715 1937 suppressa:
748 1854 924 1938 statimque
952 1853 1083 1940 legibus
1110 1872 1168 1915 con·

162 1939 330 2023 templatis
354 1988 524 2008 ..........
547 1943 627 2008 ordo
655 1947 688 2008 et
719 1942 848 2009 iustitia
876 1944 991 2010 ambos
1021 1939 1169 2008 sententia

163 2029 356 2093 damnauera
380 2029 480 2095 letali.
510 2032 539 2095 7.
563 2054 626 2116 quo
650 2032 782 2116 cognito
807 2031 1019 2098 Constantius
1044 2032 1186 2096 semensa

163 2122 195 2181 et
223 2122 391 2202 tamquam
417 2119 579 2185 uindicem
606 2121 722 2186 salutis
751 2145 828 2186 suae
858 2122 973 2208 lugens
1003 2121 1170 2187 extinctum

163 2207 272 2272 missis
302 2208 465 2292 equitibus
494 2209 568 2275 citis
596 2209 754 2275 Vrsulum
785 2212 891 2276 redire
916 2213 960 2277 ad
988 2211 1172 2276 comitatum

162 2296 334 2362 minaciter
362 2297 458 2362 iussit
486 2321 524 2364 ac
556 2299 673 2364 sistere
700 2301 847 2386 ueritati,
879 2302 935 2367 sed
966 2301 1024 2365 ille
1055 2299 1171 2385 spretis,

163 2388 218 2472 qui
240 2386 469 2471 prohibebant,
491 2389 641 2473 perrupit
664 2389 843 2474 intrepidus
862 2391 1096 2476 ingressusque
1110 2411 1172 2454 eon-

163 2477 331 2541 sistorium
353 2499 409 2541 ore
433 2482 465 2542 et
491 2482 622 2561 pectore
651 2479 754 2543 libero
782 2480 892 2545 docuit
919 2484 1027 2564 gesta:
1058 2480 1197 2562 haeque

163 2564 286 2628 fiducia*
307 2564 429 2648 linguis
457 2567 664 2632 adulatorum
691 2569 828 2634 occlusis
857 2573 890 2633 et
916 2569 1120 2653 praefectum
1146 2573 1173 2630 et

163 2674 196 2717 se
221 2652 405 2717 discrimine
429 2656 523 2738 graui
547 2657 720 2721 subtraxit.
865 2704 869 2710 -

252 2742 281 2806 8.
306 2741 397 2806 Tunc
420 2743 503 2808 illud
527 2745 613 2830 apud
627 2745 810 2830 Aquitanos
830 2747 947 2830 euenit,
971 2748 1060 2831 quod
1084 2746 1173 2812 latior

161 2832 250 2896 fama
263 2831 424 2916 uulgaret.
461 2838 626 2900 ueterator
641 2836 772 2919 quidam
787 2835 827 2900 ad
849 2837 976 2902 lautum
995 2836 1173 2902 conuiuium

162 2925 297 3005 rogatus
331 2925 373 3004 et,
395 2923 562 3007 mundum,
595 2925 705 3008 qualia
738 2931 813 2990 sunt
845 2926 879 2990 in
906 2926 958 2990 his
990 2925 1201 3010 regionibus

161 3010 315 3094 plurima,
348 3033 420 3075 cum
448 3013 584 3078 uidisset
612 3014 788 3080 linteorum
813 3015 971 3091 ,toralium
998 3038 1074 3100 par,
1104 3015 1174 3079 duos

162 3098 271 3163 clauos
294 3099 343 3163 ita
370 3099 549 3168 latissimos
572 3106 609 3166 ut
632 3103 696 3166 sibi
723 3104 869 3169 uicissim
896 3108 966 3168 arte
995 3105 1175 3170 ministran-

162 3187 245 3250 tium
269 3187 488 3274 cohaererent,
511 3213 718 3276 mensamque
742 3193 953 3276 operimentis
977 3195 1115 3277 paribus
1137 3197 1177 3256 te·

233 3379 287 3432 lis
309 3379 436 3459 Valesius
453 3379 496 3434 his
518 3382 622 3460 VPbpu
648 3449 653 3461 .
680 3384 730 3438 '18
749 3383 948 3454 contemplatis
970 3385 1099 3440 Valesius
1117 3401 1176 3439 con-

160 3451 219 3502 tem
239 3447 299 3569 ἔξω.
312 3451 347 3502 30
360 3447 423 3518 atu]
443 3448 572 3528 ordeset
589 3451 702 3503 rustram
719 3452 807 3532 Vlcc.
827 3454 1008 3532 explanarunt
1027 3455 1079 3576 ὁιᾳΙα
1096 3455 1177 3523 prout

182 3531 244 3569 osce
266 3516 297 3570 at
313 3515 382 3568 ordo
402 3519 431 3570 et
448 3519 558 3571 rushtra
575 3519 626 3572 aul
719 3526 752 3574 23
770 3523 851 3576 iussit
902 3540 920 3576 a
936 3537 1019 3592 posse
1066 3523 1096 3576 P
1148 3536 1177 3574 ac

192 3589 262 3652 capt
279 3583 363 3661 ad·V
420 3591 452 3639 31
472 3585 579 3639 uilisset
678 3604 730 3657 par
750 3587 775 3642 G
792 3605 845 3658 per
866 3522 953 3644 l'llPtu
1013 3597 1046 3645 33
1064 3589 1177 3660 paribus

160 3652 239 3721 quu
257 3651 382 3720 partibus
404 3652 431 3705 V
