2530 3922
157 233 177 295 a
559 234 638 288 rum
658 241 682 302 1,
702 239 770 288 c-o
880 199 882 204 ’

155 381 329 446 acerbitati
352 403 433 446 uxor
456 401 556 465 graue
576 385 756 445 accesserat
779 379 989 462 incentiuum,
1012 377 1176 462 germani·

154 473 224 535 tate
237 469 380 554 Augusti
394 470 525 554 turgida
541 491 639 553 supra
653 470 793 552 modum,
814 491 912 554 quam
925 467 1175 532 Hannibaliano

154 561 226 644 regi
248 559 360 624 fratris
383 559 453 622 filio
477 558 615 623 antehac
639 557 873 623 Constantinus
896 558 1047 623 iunxerat
1070 559 1176 642 pater,

154 648 309 732 Megaera
324 648 483 732 quaedam
497 648 657 731 mortalis,
680 647 914 712 inflammatrix
929 646 1104 712 saeuientis
1121 645 1177 710 ad-

155 738 256 821 sidua,
278 736 550 804 hmnanicruoris
566 737 662 802 auida
682 737 767 801 nihil
782 737 893 801 mitius
909 759 1007 820 quam
1020 735 1175 818 maritus3
1191 754 1204 793 5

155 828 212 910 qui
234 827 394 910 paulatim
409 827 599 891 eruditiores
621 825 701 890 faeti
722 848 877 910 processu
890 826 1047 909 temporis
1063 825 1104 888 ad
1118 846 1177 889 no-

155 915 289 980 cendum
312 939 371 999 per
387 915 604 980 clandestinos
627 919 840 999 uersutosque
865 914 1082 998 rmnigerulos
1100 935 1176 978 con-

154 1005 256 1088 pertis
289 1005 408 1070 leuiter
435 1006 552 1070 addere
581 1005 739 1089 quaedam
769 1005 854 1069 male
883 1008 992 1068 suetos
1025 1003 1112 1068 falsa
1140 1006 1177 1066 et

154 1094 319 1178 placentia
343 1093 407 1159 sibi
430 1095 601 1178 discentes,
625 1093 781 1159 adfectati
799 1094 892 1178 regni
915 1094 969 1158 uel
984 1093 1105 1157 artium
1118 1113 1176 1155 nc-

154 1181 326 1248 fandarum
350 1184 530 1248 calumnias
554 1183 737 1248 insontibus
753 1182 949 1267 adfigebant.
986 1183 1016 1246 3.
1035 1180 1177 1246 eminuit
1192 1192 1217 1229 10

155 1275 263 1336 autem
286 1273 373 1336 inter
395 1272 533 1338 humilia
557 1293 767 1357 supergressa
790 1272 856 1336 iam
874 1271 1069 1356 impotentia
1091 1269 1175 1334 fines

155 1361 366 1426 mediocrium
402 1362 595 1427 delictorum
635 1361 776 1426 nefanda
814 1359 968 1426 Clematii
1005 1359 1176 1424 cuiusdam

155 1449 368 1516 Alexandrini
390 1451 511 1516 nobilis
526 1474 614 1516 mors
638 1451 821 1535 repentina,
846 1451 937 1515 cuius
962 1471 1073 1514 socrus
1099 1471 1176 1513 cum

154 1539 285 1604 misceri
308 1541 372 1604 sibi
405 1561 573 1624 generum,
605 1541 749 1625 flagrans
778 1540 846 1604 eius
871 1561 994 1623 amore,
1025 1559 1090 1602 non
1115 1538 1176 1601 im·
1254 1559 1255 1590 ι

154 1633 308 1711 petraret,
331 1633 368 1692 ut
391 1629 566 1712 ferebatur,
587 1651 646 1712 per
667 1629 786 1713 palatii
803 1628 1058 1712 pseudothyrum
1072 1626 1176 1691 intro·
1191 1663 1216 1702 15

154 1717 264 1800 ducta,
288 1718 400 1782 oblato
423 1717 568 1801 pretioso
591 1718 725 1802 reginae
748 1718 864 1782 monili
887 1718 920 1781 id
944 1717 1097 1782 adsecuta
1113 1719 1175 1798 est,

154 1809 191 1870 ut
214 1806 255 1870 ad
277 1805 484 1872 Honoratum
506 1810 577 1872 tum
592 1807 744 1872 comitem
758 1807 893 1872 orientis
908 1806 1050 1872 formula
1070 1805 1176 1870 missa

154 1895 248 1964 letali
271 1895 401 1960 omnino
426 1897 547 1962 scelere
570 1897 662 1962 nullo
687 1900 853 1962 contactus
882 1897 968 1962 idem
992 1894 1175 1961 Clematius

154 2005 214 2048 nco
236 1984 360 2049 hiscere
383 2008 443 2049 nec
466 1986 557 2070 loqui
579 1987 757 2071 permissus
782 1987 989 2051 occideretur.
1082 2015 1084 2020 ¹

243 2074 273 2137 4.
296 2073 378 2138 Post
395 2073 459 2139 hoc
487 2074 587 2159 impie
606 2079 830 2160 perpetratum
850 2076 936 2160 quod
954 2077 989 2139 in
1004 2073 1080 2139 aliis
1096 2094 1175 2157 quo·
1189 2101 1215 2140 co
1253 2147 1254 2150 Ἴ

156 2184 217 2246 que
245 2162 312 2226 iam
334 2164 524 2248 timebatur,
551 2167 722 2249 tamquam
748 2165 882 2229 licentia
910 2162 1098 2229 crudelitati
1126 2162 1175 2226 in-
1253 2159 1254 2184 ³

154 2251 246 2316 dulta
268 2274 327 2335 per
349 2253 570 2337 suspicionum
592 2254 728 2319 nebulas
753 2254 919 2319 aestimati
936 2253 1069 2339 quidam
1082 2251 1175 2315 noxii

154 2341 402 2408 damnabantur.
448 2365 586 2428 quorum
613 2367 689 2428 pars
712 2343 833 2426 necati,
862 2343 920 2408 alii
942 2341 1049 2427 puniti
1072 2341 1175 2405 bono·

154 2453 227 2495 rum
259 2433 455 2498 multatione
488 2433 616 2518 actique
649 2433 773 2499 laribus
806 2432 874 2497 suis
901 2436 1047 2496 extorres
1079 2429 1174 2494 nullo

156 2520 221 2583 sibi
249 2521 363 2586 relicto
391 2525 522 2604 praeter
550 2522 698 2606 querelas
726 2525 759 2586 et
786 2522 952 2605 lacrimas,
986 2519 1070 2603 stipe
1100 2540 1175 2584 con·
1190 2555 1216 2595 25

155 2607 268 2674 laticis
295 2609 506 2693 uictitabant,
534 2613 567 2673 et
590 2611 680 2675 ciuili
708 2611 857 2694 iustoque
886 2609 1022 2694 imperio
1048 2608 1089 2672 ad
1117 2629 1176 2672 uo·

155 2699 316 2762 luntatem
343 2721 498 2764 conuerso
528 2703 708 2783 cruentam,
736 2700 971 2765 claudebantur
997 2698 1175 2781 opulentae
1252 2739 1253 2756 ,

154 2787 268 2852 domus
284 2790 317 2851 et
331 2788 448 2853 clarae.
493 2788 523 2852 5.
545 2809 605 2854 neo
619 2811 683 2853 uox
697 2790 894 2854 accusatoris
913 2788 982 2853 ulla
1001 2787 1080 2852 licet
1100 2786 1177 2850 sub·

154 2876 259 2941 diticii
286 2878 321 2942 in
343 2876 395 2941 his
419 2878 581 2942 malorum
604 2878 821 2962 quaerebatur
844 2877 969 2944 aceruis
993 2880 1030 2941 ut
1053 2875 1176 2941 saltem

155 2966 261 3049 specie
284 2969 378 3031 tenus
404 2967 539 3032 crimina
561 2967 771 3051 praescriptis
800 2967 910 3052 legum
933 2965 1176 3032 committeren-
1191 2996 1215 3034 so

154 3058 216 3139 tur,
240 3056 324 3140 quod
347 3056 545 3140 aliquotiens
568 3055 672 3122 fecere
695 3057 857 3140 principes
878 3057 982 3121 saeui:
1007 3055 1062 3120 sed
1087 3055 1177 3139 quic-

223 3260 239 3308 2
257 3255 438 3310 annibaliano
459 3255 513 3311 GP
531 3257 723 3313 anniballiano
745 3257 772 3310 V
786 3257 995 3311 Hannibaliano
1014 3257 1048 3311 ba
1095 3261 1112 3310 9
1131 3255 1176 3308 di-

156 3324 253 3377 centes
279 3324 332 3394 bpc
405 3331 437 3379 10
460 3326 580 3379 eminuit
610 3325 636 3382 G
661 3326 764 3380 minuit
790 3326 870 3382 codd.
942 3333 972 3379 11
1001 3323 1177 3393 impotentia

160 3440 282 3512 Wapacr
307 3445 436 3512 potentia
461 3445 540 3499 codd.
611 3452 642 3501 13
669 3406 750 3500 mord
778 3445 805 3497 V
870 3445 947 3516 cum]
976 3461 1039 3498 com
1070 3441 1177 3512 VPbpa
1251 3417 1252 3500 t

158 3515 189 3564 18
208 3512 321 3565 omnino
346 3511 384 3564 V⁸
410 3528 473 3567 omo
496 3513 536 3566 Vl
563 3513 627 3567 odio
649 3515 709 3582 bpa.
778 3519 809 3566 21
834 3513 946 3566 indulta
970 3513 1007 3580 cf.
1024 3511 1177 3576 Prisciani
1251 3503 1252 3556 l

155 3577 205 3632 IX
221 3582 256 3634 51
274 3582 312 3649 (p.
329 3583 382 3635 487
398 3579 448 3647 H.)
497 3585 530 3638 28
549 3581 692 3636 subditicii
710 3580 863 3637 Liadcobr.
884 3580 990 3634 subditi
1008 3583 1037 3634 et
1058 3579 1175 3650 VPbpo.

156 3702 187 3751 cl
209 3659 302 3753 fdoere
324 3697 355 3754 V.
