2530 3922
335 181 591 248 CONSTANTIVS
610 193 657 246 ΕΤ
677 193 821 248 GALLVS
841 199 891 249 353
1100 193 1121 257 ’ἶ

115 340 184 426 quid
198 337 343 404 Caesaris
367 339 622 424 inplacabilitati
645 341 792 424 sedisset,
815 339 848 404 id
872 341 962 404 uelut
984 341 1035 406 fas
1057 343 1121 407 ius·

115 452 169 514 que
182 451 374 512 perpensum
393 429 567 494 confestim
584 429 763 513 urgebatur
781 429 921 513 impleri.
950 430 1121 515 (10110011-
1230 469 1231 472 =

114 523 211 584 tatum
232 521 283 582 est
306 541 404 602 super
425 519 491 602 his,
518 521 556 582 nt
578 519 726 584 homines
751 517 882 604 quidam
905 519 1025 602 ignoti,
1048 521 1120 584 uili·

113 611 174 672 tate
196 608 267 691 ipsa
290 631 406 692 parum
433 608 567 672 cauendi
596 609 636 672 ad
664 609 864 692 colligendos
892 630 1039 672 rumores
1062 631 1120 693 per

91 697 299 762 adntiochiae
333 698 438 764 latera
465 701 580 762 cuncta
608 698 848 762 destinarentur
871 697 1008 762 relaturi
1037 721 1119 782 quae

114 786 258 850 audirent.
296 786 332 852 hi
345 790 558 871 peragranter
572 791 605 851 et
628 783 872 852 dissimulanter
885 785 1120 852 honoratorum

113 876 231 940 circulis
255 876 443 940 adsistendo
466 877 735 961 peruadendoque
750 876 868 941 diuites
887 875 1001 940 domus
1025 896 1120 960 egen-

112 964 185 1030 tium
206 965 325 1030 habitu
348 965 501 1050 quicquid
528 987 660 1030 noscere
682 969 836 1049 poterant
862 966 915 1030 uel
940 965 1050 1030 audire
1073 966 1120 1030 la·

111 1057 209 1118 tenter
234 1055 418 1120 intromissi
444 1077 503 1138 per
529 1057 672 1138 posticas
700 1055 735 1118 in
761 1055 887 1138 regiam
914 1055 1119 1138 nuntiabant,

81 1166 100 1204 11
111 1143 140 1206 id
174 1144 383 1209 obseruantes
416 1144 656 1228 conspiratione
693 1144 855 1227 concordi,
891 1149 927 1209 ut
959 1145 1120 1229 fingerent

111 1233 260 1316 quaedam
284 1237 318 1298 et
341 1233 474 1318 cognita
496 1233 700 1318 duplicarent
723 1234 758 1298 in
779 1234 881 1318 peius,
906 1234 1016 1298 laudes
1041 1255 1118 1298 uero

111 1321 341 1406 supprimerent
370 1320 532 1406 Caesaris,
566 1345 645 1407 quas
674 1324 786 1388 inuitis
816 1323 1023 1406 conpluribus
1056 1322 1120 1386 for-

111 1411 188 1475 mido
198 1413 361 1477 malorum
371 1413 616 1496 inpendentium
626 1413 849 1496 exprimebat.¹
873 1413 901 1475 7.
916 1413 949 1474 et
959 1411 1120 1474 interdum

112 1500 270 1584 acciderat,
294 1505 332 1565 ut
355 1501 462 1585 siquid
485 1502 520 1566 in
533 1501 693 1585 penetrali
709 1504 832 1565 secreto
847 1499 938 1565 nullo
959 1499 1119 1564 citerioris

80 1589 189 1653 auitae
212 1591 364 1654 ministro
388 1593 560 1675 praesente
583 1590 820 1674 paterfamilias
844 1588 938 1654 uxori
958 1611 1119 1653 susurras·

112 1681 155 1740 set
175 1679 209 1742 in
232 1702 358 1762 aurem,
382 1681 473 1744 uelut
496 1679 698 1763 Amphiarao
722 1679 881 1743 referente
906 1682 963 1742 aut
985 1677 1119 1761 Marcie,

112 1768 264 1850 quondam
287 1768 419 1833 uatibus
443 1769 576 1852 inclitis,
599 1768 756 1853 postridie
771 1768 909 1832 disceret
932 1767 1119 1850 imperator.

110 1855 235 1942 ideoque
260 1858 363 1922 etiam
394 1859 535 1942 parietes
565 1879 757 1922 arcanorum
790 1857 852 1922 soli
880 1857 1001 1921 conscii
1028 1857 1120 1920 tirne-

110 1943 228 2011 bantur.
276 1948 307 2012 8.
326 1946 535 2012 adulescebat
559 1951 668 2012 autem
691 1947 894 2011 obstinatum
916 1945 1120 2029 propositum

81 2058 101 2097 a
113 2055 183 2118 erga
204 2035 286 2100 haec
302 2040 336 2100 et
359 2036 481 2101 similia
504 2037 609 2101 multa
632 2036 814 2118 scrutanda,
838 2035 988 2099 stimulos
1013 2034 1120 2098 admo·
1230 2085 1231 2088 ,

112 2128 198 2188 uente
221 2125 351 2210 regina,
379 2148 462 2210 quae
487 2126 624 2209 abrupte
652 2125 763 2190 mariti
790 2125 938 2189 fortunas
967 2123 1120 2188 trudebat

112 2211 297 2279 inexitium
319 2236 484 2298 praeceps,
507 2237 580 2278 cum
604 2238 677 2279 eum
697 2215 806 2298 potius
830 2213 965 2277 lenitate
980 2211 1120 2276 feminea

113 2301 148 2364 ad
168 2303 317 2368 ueritatis
340 2303 619 2388 humanitatisque
647 2305 735 2368 uiam
758 2303 908 2366 reducere
931 2301 1028 2364 utilia
1051 2323 1121 2364 sua-

113 2389 204 2456 dendo
232 2393 379 2476 deberet,
408 2396 445 2456 ut
472 2393 507 2457 in
531 2393 768 2458 Gordianorum
796 2390 923 2456 actibus
951 2389 1120 2453 factitasse

84 2502 103 2541 a
114 2477 276 2546 Maximini
298 2482 477 2546 truculenti
506 2482 596 2546 illius
624 2481 831 2566 imperatoris
847 2478 1032 2544 rettulimus
1048 2500 1121 2542 con·

114 2589 221 2652 iugem.
1230 2647 1231 2654 ἵ

192 2659 222 2724 9.
236 2659 334 2725 Nouo
344 2660 481 2744 denique
495 2660 741 2745 perniciosoque
753 2659 899 2742 exemplo
910 2659 996 2723 idern
1006 2657 1120 2722 Gallus

116 2769 202 2812 ausus
236 2753 288 2814 est
319 2749 401 2814 inire
433 2749 596 2834 flagitium
629 2770 743 2834 graue,
776 2749 861 2832 quod
892 2747 1016 2812 Romae
1050 2769 1122 2810 cum

115 2835 221 2902 ultimo
245 2839 400 2903 dedecore
423 2841 602 2923 temptasse
618 2837 792 2922 aliquando
810 2836 929 2901 dicitur
943 2835 1121 2916 Gallienus,

87 2929 145 2987 1101
165 2926 319 2992 adhibitis
347 2927 460 3012 paucis
485 2928 570 2992 clam
596 2927 683 2992 ferro
708 2926 879 2994 succinctis
908 2925 1036 3007 uesperi
1064 2947 1123 3006 per

116 3014 259 3081 tabernas
282 3009 458 3100 palabatur
475 3019 508 3080 et
531 3018 663 3100 conpita
682 3015 894 3100 quaeritando
910 3013 1034 3078 Graeco
1059 3035 1123 3076 ser-

118 3123 214 3189 mone,
246 3105 336 3170 cuius
364 3109 434 3170 erat
466 3106 617 3190 inpendio
646 3125 787 3189 gnarusp
813 3104 890 3189 quid
917 3103 955 3168 de
984 3100 1123 3166 Caesare

122 3233 324 3250 ’ᾕ-

178 3342 192 3389 5
217 3290 382 3392 antiochiae
412 3338 439 3391 V
515 3345 531 3392 6
557 3340 743 3410 peragranter
768 3339 820 3408 1190
843 3337 1038 3408 meragranter
1060 3333 1119 3412 'VP

121 3404 150 3454 ⁸7
174 3403 274 3460 diuites
294 3405 418 3476 V¹Ptqu
443 3405 566 3461 diuitmn
588 3406 623 3460 1⁷²
692 3413 725 3460 14
747 3405 912 3460 citeriorieis
939 3403 964 3458 V
988 3403 1118 3457 citenore
1230 3471 1231 3476 η

123 3517 174 3573 eius
197 3523 255 3592 bpa.
324 3487 517 3603 1510010101
537 3525 564 3578 V
628 3531 661 3580 20
680 3511 831 3606 scrutanda
847 3523 951 3577 Hortel
978 3520 1123 3575 scrutandi
1230 3523 1231 3602 J

125 3583 194 3720 {lg
188 3593 344 3716 nfefflndlp
347 3594 389 3697 Π119
440 3599 491 3647 *21
511 3593 649 3663 abruptae
671 3592 722 3646 VP
774 3597 807 3644 ‘27
826 3590 954 3658 exemplo
976 3619 1003 3630 —
1024 3595 1056 3642 28
1074 3587 1124 3638 fla·
