2430 3928
159 177 201 242 58
564 175 616 229 xv
633 181 658 242 s,
675 181 776 231 ae-ea

159 320 303 384 mesticis
317 319 437 402 decem,
459 323 497 383 ut
518 319 710 403 pcstudarat
734 320 949 385 adiuuandae
962 319 1167 386 necessitates
1212 317 1213 370 l

157 409 306 493 publicas
336 409 366 474 ei
393 409 581 474 coniunctis.
626 409 711 474 inter
738 429 819 493 quos
846 424 909 494 ego
934 430 1062 493 queque
1086 428 1168 473 eram
1212 423 1213 428 ’

158 517 233 564 cum
255 497 432 562 Veriniano
457 499 597 582 collega,
620 499 741 564 residui
764 499 852 564 omni
863 547 1012 563 .........
1011 541 1015 546 -
1023 547 1168 564 .........

159 588 212 652 23.
236 635 333 652 ......
348 587 476 672 iamque
491 606 565 652 eum
588 607 755 673 egressum
778 589 884 653 solum
901 589 945 653 de
968 601 1003 652 ee
1026 590 1168 652 metuens

160 677 296 761 quisque
328 695 385 759 per
416 676 517 761 longa
544 679 651 762 spatia
676 678 863 754 deducebat.
910 681 946 742 et
975 691 1189 762 quamquem

159 770 196 830 ut
222 765 371 830 bestiarii
398 767 600 832 obiceremur
627 767 888 832 intractabilibus
916 767 1008 850 feris,
1039 781 1170 851 perpen-

157 855 270 919 dentes
294 858 405 920 tamen
420 855 489 920 tec
502 857 632 938 ¹bonum
655 857 776 922 habere
803 857 913 922 tristia
939 857 1170 940 praecedentia,

160 944 245 1028 qucd
278 943 313 1008 in
344 945 424 1010 locis
458 945 523 1010 suis
557 946 697 1012 secunda
732 947 935 1012 substituunt
969 994 1169 1010 ............

159 1033 359 1098 mirabamur
390 1035 483 1098 illam
515 1037 711 1100 sententiam
742 1035 929 1101 Tullianam
961 1058 1000 1100 ex
1037 1036 1169 1099 internis

157 1122 307 1186 ueritatis
331 1122 433 1206 ipsius
455 1125 706 1210 promulgatam,
730 1129 880 1210 quaeest
902 1125 979 1190 talis
1003 1123 1052 1189 ‘et
1064 1146 1171 1209 quam-
1183 1141 1214 1177 10÷

160 1229 257 1295 quam
281 1212 521 1295 optatissimum
544 1217 595 1278 est
620 1219 777 1298 perpetuo
805 1213 971 1280 fortunam
994 1233 1092 1298 quam
1120 1214 1171 1277 fio·
1213 1229 1214 1286 ἕ

157 1300 380 1365 rentissimam
394 1306 592 1388 permanere,
615 1304 675 1370 illa
688 1307 798 1369 tamen
812 1304 991 1389 aequalitas
1006 1304 1094 1368 uitae
1109 1323 1172 1367 non
1213 1319 1214 1352 l

157 1392 286 1454 tanturm
314 1389 414 1456 habet
441 1411 584 1477 sensum,
617 1397 773 1477 quantum
800 1413 873 1458 cum
905 1415 945 1458 ex
970 1392 1104 1458 'miseris
1142 1397 1171 1454 et
1213 1415 1214 1418 ¹

157 1479 294 1562 perditis
317 1481 470 1545 rebusad
488 1483 657 1548 meliorem
678 1487 801 1548 statum
818 1483 955 1548 =fortuna
975 1481 1171 1547 reuocetur?

247 1569 300 1632 24.
310 1568 514 1635 Festinamus
529 1572 638 1656 itaque
652 1572 1010 1656 itineribus³magnis'ut
1022 1571 1171 1636 ambitio·
1185 1585 1203 1624 111

158 1679 213 1720 sus
237 1658 394 1740 magister
418 1679 582 1724 armorum
604 1665 680 1726 ante
704 1661 872 1746 adlapsam
897 1683 956 1746 per
975 1660 1112 1726 Italicos
1136 1659 1172 1722 de

156 1745 328 1828 tyrannide
342 1747 446 1812 ullum
459 1766 623 1813 rumorem
636 1750 671 1814 in
689 1751 846 1834 suspectis
861 1750 979 1816 finibus
992 1751 1173 1834 appareret.

157 1852 270 1898 uerum
302 1837 421 1900 cursim
452 1857 511 1901 nes
543 1844 755 1922 properantes
784 1840 872 1904 neria
899 1839 1056 1925 quaedam
1086 1842 1174 1902 ante-

157 1922 273 1987 uolans
293 1924 483 2007 prodiderat
502 1926 641 1992 *famaet
654 1928 872 2014 Agrippinam
886 1928 1026 2014 ingressi
1047 1928 1173 1992 inueni-

156 2033 228 2076 mus
244 2016 358 2078 cuncta
371 2015 491 2080 nostris
515 2017 684 2096 conatibus
709 2019 835 2084 altiora.
859 2019 911 2084 25.
934 2036 1073 2102 namque
1098 2039 1172 2082 con-
1185 2031 1206 2068 20

156 2121 241 2166 uena
275 2103 415 2187 undique
452 2104 660 2170 multitudine
705 2108 830 2192 trepide
868 2110 983 2192 coepta
1017 2107 1175 2173 fundante

158 2190 342 2275 coactisque
371 2191 472 2276 copiis
500 2193 611 2258 multis
639 2215 699 2279 pro
726 2200 816 2261 statu
847 2198 896 2262 rai
927 2195 1110 2282 praesentis
1143 2195 1177 2258 id

158 2279 265 2362 aptius
288 2280 473 2366 uidebatur,
501 2286 538 2347 ut
561 2284 600 2348 ad
627 2285 833 2370 imperatoris
855 2286 980 2351 nouelli
1007 2305 1065 2370 per
1094 2285 1177 2350 ludi-

157 2368 268 2434 briosa
300 2371 444 2456 auspicia
475 2372 594 2438 uirium
626 2395 756 2440 accessu
792 2373 942 2440 firmandi
974 2394 1107 2440 sensum
1140 2396 1177 2438 ac

157 2457 360 2524 uoluntatem
386 2461 451 2525 dux
478 2463 596 2527 flebilis
619 2467 813 2529 uerteretur:
841 2485 904 2549 quo
933 2465 1033 2530 uariis
1062 2464 1178 2528 adsen-
1191 2477 1210 2516 ‘³³

145 2546 248 2609 'tandi
281 2546 445 2631 figmentis
473 2551 508 2615 in
535 2553 666 2618 mollius
695 2557 850 2638 uergente
882 2554 1057 2619 securitate
1089 2553 1177 2617 nihil

157 2637 306 2699 metuens
330 2636 449 2702 hostile
464 2639 672 2722 deciperetur.
706 2643 759 2708 26.
783 2643 872 2708 cuius
895 2644 944 2708 rei
966 2643 1040 2708 finis
1056 2643 1179 2707 arduus

156 2722 337 2789 uidebatur.
374 2727 554 2792 eratenim
577 2731 700 2796 cautus
725 2733 971 2816 obseruandum,
993 2736 1031 2797 ut
1051 2731 1179 2816 adpeti-

156 2815 209 2875 tus
232 2815 446 2896 oportndtati
469 2820 740 2906 optemperarent‚
763 2843 823 2886 nec
841 2824 1087 2906 praecurrentes
1097 2840 1179 2886 ‘eam

156 2921 216 2965 nec
243 2901 437 2969 deserentes.
487 2907 543 2990 qui
570 2909 599 2972 si
626 2909 804 2976 eluxissent
830 2909 1071 2994 intempestiue,
1101 2933 1179 2975 con·
1193 2925 1215 2962 t

157 2989 267 3054 stabat
288 3014 347 3057 nos
372 3015 482 3059 omnes
506 2996 566 3060 sub
590 2997 698 3082 elogio
721 3022 785 3065 uno
809 3003 914 3066 morte
936 2999 1135 3065 multandos.

222 3222 240 3269 2
259 3219 288 3272 et
304 3219 408 3274 ecninn
440 3221 446 3232 '

158 3282 221 3362 [lec.
240 3290 280 3340 26
297 3287 365 3359 tea]
389 3223 462 3369 Veli?s
482 3222 644 3348 {itaberst
660 3293 777 3348 tristitia
789 3295 950 3350 recidentia
970 3295 1023 3350 VP
1071 3302 1091 3351 8
1110 3297 1183 3350 sub·

155 3351 278 3408 stimant
296 3355 362 3426 [lac.
373 3359 410 3410 12
421 3358 487 3428 zoa]
512 3358 562 3412 VP
579 3360 614 3414 de
627 3362 687 3416 dcco
701 3362 883 3418 Ciceroniana
900 3364 935 3430 οἵ,
953 3364 1040 3419 Vates.
1054 3371 1085 3419 ct
1103 3364 1184 3419 6⁷0-

156 3424 306 3502 nca.ada.
344 3430 377 3504 lt
391 3425 526 3494 pausatui
539 3426 568 3480 V
603 3435 633 3481 12
651 3429 809 3498 aequalitas
826 3430 959 3502 flumem
998 3432 1102 3488 uetitas
1127 3433 1185 3487 ΥΡ

158 3493 190 3568 13⁹1
208 3490 317 3547 miseris
335 3491 479 3562 &etalem
495 3495 567 3548 seris
587 3495 638 3550 Vr
655 3498 745 3552 saeuis
758 3497 815 3568 'bys
850 3504 882 3554 18
900 3515 968 3554 aare
992 3515 1009 3554 a
1029 3499 1082 3554 ΥΡ
1099 3517 1184 3556 erra-

154 3556 276 3628 trcatpo
309 3560 498 3639 etstatnrei
518 3561 570 3616 VP
601 3570 636 3617 24
649 3581 776 3620 accessus
794 3564 971 3623 firmantisG
1005 3572 1185 3638 reaigente

160 3623 265 3695 Vqua
333 3634 366 3683 30
384 3646 407 3682 si
426 3629 453 3682 G
470 3643 520 3687 oen.
545 3629 631 3687 VPta

539 3224 590 3278 loc.
609 3230 626 3280 7
643 3225 711 3296 lita]
732 3228 761 3281 st
778 3227 935 3282 coniunctis
951 3229 1008 3283 ΑΡ
1062 3231 1182 3282 temni
