2530 3922
137 121 142 132 '
160 119 211 176 XX
585 119 803 180 PRAEFATIO.

163 267 244 330 satis
259 265 412 332 adcurate
423 288 497 330 eum
512 265 709 349 expressisse
724 265 871 349 adparet,
886 286 950 330 uuo
965 268 1094 330 tantum
1104 265 1178 330 loco

159 351 231 442 (26,
256 356 289 437 7,
315 355 436 439 10-8,
467 352 500 442 1)
528 355 637 420 nescio
662 377 725 440 quo
749 376 826 420 casu
848 355 971 420 factum
1000 357 1058 439 est,
1082 358 1119 420 ut
1142 355 1179 420 in

160 445 302 510 editione
329 464 483 530 magnam
516 444 716 510 offendamus
731 495 733 500 ,
748 443 899 509 lacunam
932 465 1013 530 quae
1047 444 1179 529 expleta

160 535 269 599 estin
292 557 317 598 c.
340 533 573 618 manuscripto.

250 659 408 724 Sabinum
432 660 558 743 excepit
580 658 698 724 Petrus
714 655 876 724 Castellus
901 659 958 743 qui
980 680 1064 724 anno
1090 659 1177 724 1517

160 749 336 814 editionem
358 749 416 834 (b)
439 749 570 834 parauit
583 747 760 813 Bononiae.
805 747 844 814 In
867 747 1070 831 praefatione
1098 746 1180 814 Am-

161 837 307 902 mianum
330 839 439 922 ipsum
462 839 502 903 do
525 860 560 903 se
583 838 771 922 loquentem
793 837 885 902 fecit:

320 1035 383 1101 Sed
406 1057 457 1100 me
482 1057 577 1120 quem
591 1033 703 1099 tunica
724 1033 815 1098 uides
838 1033 962 1098 recenti

319 1124 448 1190 Mecum
473 1128 516 1189 et·
529 1123 704 1189 Caesareos
722 1123 823 1188 duces
848 1123 888 1188 ab
913 1123 980 1188 oroi

320 1213 436 1280 Traxit
459 1213 622 1278 uestibulo
645 1213 843 1278 tenebricosi

321 1303 439 1368 Petrus
464 1301 610 1368 Castalio
634 1305 724 1367 satus
748 1301 875 1386 liquore

321 1391 484 1458 Castalius
507 1393 598 1476 latio,
621 1391 734 1456 fauore
756 1390 883 1456 Phoebi

320 1481 365 1547 Et
380 1481 481 1547 Graio
505 1481 636 1566 eloquio
659 1481 869 1564 undecunque
892 1480 1016 1546 doctus.

160 1571 272 1636 tunica
304 1572 435 1656 quidem
461 1593 548 1636 noua
575 1571 786 1634 Ammianum
813 1569 1041 1636 Marcellinum
1071 1592 1178 1656 nequo

161 1665 274 1725 tamen
297 1683 355 1724 sua
376 1660 511 1744 uelauit,
534 1659 625 1724 cuius
647 1659 751 1724 uerba
777 1659 863 1724 mira
886 1660 1025 1743 quadam
1047 1661 1180 1726 temeri-

159 1753 229 1815 tate
261 1749 475 1832 interpolauit
506 1747 607 1813 nullis
640 1771 718 1813 usus
755 1748 902 1814 codicum
935 1749 1089 1814 subsidiis
1123 1747 1180 1836 (cf.

161 1837 222 1904 Th.
251 1837 436 1904 Mommsen
463 1837 575 1904 Herm.
602 1835 652 1902 VI
678 1860 710 1922 p.
732 1835 822 1926 236).
866 1837 1055 1904 Editionem
1077 1839 1178 1904 bono-

159 1928 306 1993 niensem
329 1927 520 2012 repetiuisse
543 1949 648 2013 neque
677 1927 743 1992 nisi
774 1927 809 1992 in
840 1928 1047 2012 paucissimis
1077 1929 1178 1994 rebus

160 2018 339 2082 mutauisse
367 2018 543 2086 Erasmum
569 2013 736 2104 (Basileae
764 2039 793 2084 a.
823 2015 929 2104 1518)
955 2017 1052 2083 facile
1083 2018 1178 2084 uides

161 2129 200 2170 ex
214 2107 255 2171 iis
271 2129 352 2191 quae
368 2108 488 2172 adtulit
501 2107 588 2172 idem
602 2103 728 2192 (Herm.
742 2105 790 2171 VI
803 2128 835 2191 p.
850 2104 1028 2194 aso—41).
1054 2106 1179 2192 Magno

161 2217 259 2279 opere
287 2196 461 2262 dolendum
490 2200 540 2262 est
566 2195 703 2261 Petrum
731 2193 913 2261 Castellum
944 2201 1038 2262 tanto
1070 2197 1180 2262 maius

160 2284 335 2351 Ammiano
368 2286 518 2352 intulisse
551 2285 795 2369 detrimentum,
833 2285 949 2350 deletis
986 2286 1181 2352 lacunarum

161 2375 483 2462 corruptelarumque
511 2375 678 2460 uestigiis,
702 2379 825 2460 quanto
847 2374 1084 2460 posterioribus
1108 2397 1181 2460 per-

161 2465 265 2528 suasit
289 2466 531 2531 emendationes
555 2465 632 2530 illas
656 2468 691 2530 ct
705 2465 933 2548 supplementa
955 2464 1050 2530 libris
1066 2464 1178 2529 deberi

160 2555 405 2638 manuscriptis,
429 2558 509 2618 utet
524 2553 679 2618 Gelenius
703 2557 737 2618 et
750 2552 926 2618 Accursius
950 2554 1084 2638 optimis
1109 2555 1177 2620 suis

162 2642 326 2707 codicibus
349 2643 446 2708 unico·
468 2643 680 2708 fundamento
699 2641 750 2707 uti
763 2664 831 2708 non
844 2644 1009 2729 auderent,
1033 2644 1177 2727 explosis

164 2729 301 2796 Castelli
324 2732 526 2797 commentis.

250 2855 347 2922 Anno
376 2857 463 2921 enim
493 2855 578 2922 1533
607 2880 638 2940 p.
662 2854 737 2921 Ohr.
761 2857 842 2922 duae
867 2857 1024 2923 editiones
1052 2859 1179 2942 publici

161 2946 241 3012 iuris
265 2946 371 3012 factae
396 2949 480 3030 sunt,
505 2969 644 3030 quarum
666 2946 757 3030 prior
771 2945 833 3032 (A)
856 2950 940 3012 erat:
962 2946 1178 3032 „Ammianus

160 3034 372 3101 Marcellinus
405 3058 425 3100 a
455 3034 660 3122 Mariangelo
689 3034 845 3101 Accursio
878 3037 1004 3102 mendis
1034 3037 1179 3122 quinque

161 3123 309 3190 millibus
336 3127 512 3212 purgatus,
541 3129 574 3190 et
601 3125 695 3190 libris
728 3127 870 3211 quinque
899 3131 1012 3192 auctus
1040 3127 1179 3210 ultimis,

161 3235 246 3278 nunc
269 3215 412 3298 primum
442 3215 483 3280 ab
508 3215 620 3280 eodem
642 3215 793 3281 inuentis.
838 3215 1008 3300 Augustae
1032 3215 1180 3281 Vindeli-

162 3325 273 3368 corum
282 3303 318 3366 in
328 3304 459 3369 aedibus
466 3303 593 3370 Siluani
599 3304 715 3370 Otmar
729 3304 1180 3371 menseMaioMDXXXIII“.

162 3390 280 3457 Secuta
309 3397 358 3458 est
385 3393 512 3459 Gelenii
541 3394 641 3460 editio
669 3393 730 3480 (G)
758 3395 814 3480 qui
838 3395 876 3458 de
902 3395 1010 3460 codice
1033 3394 1180 3460 Hersfel-

161 3481 252 3546 densi
290 3505 386 3568 quem
422 3485 572 3549 omnibus
609 3484 777 3549 meliorem
814 3483 1037 3550 existimamus
1073 3507 1179 3570 pauca

159 3571 332 3654 praemisit
368 3597 398 3657 p.
436 3573 514 3638 546:
559 3572 648 3659 „Nos
684 3574 772 3640 nacti
808 3577 975 3641 uetustum
1011 3574 1178 3658 exemplar
