2530 3922
338 175 593 234 CONSTANTIVS
611 173 659 230 ET
679 174 819 231 GALLVS
838 181 887 232 353
1080 177 1120 241 21

104 323 180 388 huic
205 325 350 386 atratum
374 321 530 404 coquinae
553 320 699 404 iungitur
722 318 949 403 ministerium,
978 318 1053 383 dein
1074 324 1123 385 to

103 417 175 478 tum
198 412 382 497 promiscue
398 409 567 474 seruitium
591 431 663 474 cum
686 408 801 473 otiosis
824 407 962 494 plebeiis
984 408 1023 472 de
1046 410 1123 474 uici-

102 503 211 566 nitate
247 499 444 565 coniunctis:
480 503 647 584 postrema
683 498 859 562 multitudo
892 497 1071 582 spadonum
1104 523 1123 564 a

104 591 238 656 senibus
262 590 297 654 in
319 611 437 674 pueros
459 588 618 674 desinens,
641 587 783 652 obluridi
798 587 1001 672 distortaque
1024 587 1123 652 linea·

79 703 90 741 s
103 684 290 744 mentorum
305 697 450 763 conpage
464 678 634 761 deformes,
656 681 693 741 ut
708 699 836 762 quaqua
854 677 1024 741 incesserit
1039 678 1124 762 quis-

105 793 204 854 quam
228 789 363 834 cernens
386 768 575 832 mutilorum
598 765 766 831 hominum
789 766 928 850 agmina-
945 767 1124 831 detestetur

104 859 300 923 memoriam
331 856 556 924 Samiramidis
585 856 719 940 reginae
754 855 842 921 illius
872 857 1008 939 ueteris,
1041 877 1123 941 qnae

105 953 245 1013 teneros
267 969 374 1012 mares
411 947 568 1012 castrauit
605 945 750 1018 omnium
786 946 893 1029 prima
929 945 1020 1010 uelut
1055 946 1123 1010 uim

104 1038 267 1102 iniectans
290 1041 436 1120 naturae,
458 1036 654 1120 eandemque
674 1035 714 1100 ab
739 1035 890 1100 instituto
914 1055 1008 1099 cursu
1023 1039 1124 1099 retor-

70 1151 92 1187 n
106 1150 219 1212 quens,
253 1135 344 1212 quae'
365 1127 451 1190 inter
479 1127 552 1210 ipsa
575 1123 702 1190 oriundi
726 1125 899 1208 crepundia
929 1145 987 1208 per
1014 1125 1124 1209 primi-

105 1218 222 1301 genios
254 1217 386 1281 seminis
409 1215 516 1280 fontes
544 1215 646 1280 tacita
669 1214 807 1298 quodam
830 1214 926 1278 modo
956 1215 1029 1299 lege
1052 1215 1123 1278 uias

104 1307 340 1390 propagandae
363 1305 568 1389 posteritatis
592 1303 744 1368 ostendit.

197 1397 249 1461 18.
264 1393 356 1472 Quod
370 1417 443 1459 cum
452 1395 500 1459 ita
515 1394 567 1477 sit,
580 1415 701 1478 paucae
715 1391 829 1457 domus
841 1392 1020 1457 studiorum
1031 1393 1124 1457 seriis

105 1485 250 1548 cultibus
275 1488 371 1548 antea
395 1485 578 1549 celebratae
601 1503 686 1547 nunc
709 1479 860 1546 ludibriis
884 1481 1035 1566 ignauiae
1059 1486 1124 1546 tor-

69 1573 216 1658 spontis
241 1573 415 1658 exundant,
437 1573 545 1638 uocali
568 1595 659 1656 sonu,
681 1569 846 1655 perflabili
868 1571 991 1634 tinnitu
1013 1571 1124 1635 fidium

102 1663 314 1728 resultantes.
359 1663 496 1747 denique
518 1683 578 1748 pro
600 1659 798 1746 philosopho
822 1664 935 1726 cantor
959 1665 991 1724 et
1019 1660 1052 1724 in
1079 1661 1125 1726 lo-

104 1775 180 1816 cum
204 1753 345 1817 oratoris
369 1749 481 1816 doctor
505 1752 624 1816 artium
647 1750 845 1815 ludicrarum
869 1750 991 1815 accitur
1014 1755 1047 1814 et
1069 1751 1125 1834 by-

103 1840 282 1906 bliothecis
298 1837 519 1926 sepulcrorum
532 1841 597 1907 ritu
612 1841 647 1904 in
660 1845 850 1926 perpetuum
866 1839 985 1904 clausis
1001 1859 1125 1925 organa

102 1931 312 1996 fabricantur
325 1930 524 2015 hydraulica,
539 1936 572 1994 et
585 1929 677 2015 lyrae
692 1930 732 1994 ad
747 1929 887 2014 speciem
898 1933 1125 2014 carpentorum

65 2043 90 2081 a
104 2022 259 2104 ingentes
291 2020 457 2104 tibiaeque
488 2024 520 2084 et
549 2017 735 2084 histrionici
768 2023 881 2102 gestus
910 2018 1126 2084 instrumenta

103 2129 174 2174 non
196 2109 294 2173 leuia.

198 2199 250 2264 19.
264 2197 435 2263 Postremo
451 2198 492 2263 ad
510 2197 543 2262 id
561 2197 767 2282 indignitatis
782 2201 832 2262 est
845 2202 988 2281 uentum,
1002 2201 1039 2261 ut
1053 2217 1126 2262 cum

103 2287 275 2372 peregrini
299 2288 341 2352 ob
364 2287 574 2352 formidatam
596 2287 677 2353 haut
699 2288 747 2351 ita
761 2287 880 2350 dudum
895 2286 1124 2352 alimentorum

105 2377 255 2461 inopiam
282 2376 481 2460 pellerentur
504 2377 545 2440 ab
569 2377 648 2442 urbe
676 2376 880 2460 praecipites,
909 2375 1125 2440 sectatoribus

67 2490 91 2527 a
105 2466 355 2550 disciplinarum
378 2464 565 2532 liberalium
587 2466 739 2550 inpendio
763 2465 874 2548 paucis
899 2463 968 2528 sine
988 2465 1127 2548 respira-

104 2557 198 2620 tione
213 2555 284 2619 ulla
298 2555 448 2638 extrusis,
462 2559 650 2619 tenetentum
663 2553 873 2618 minimarum
887 2553 1034 2619 adseclae
1049 2555 1127 2637 ueri,

106 2645 228 2729 quique
256 2643 290 2708 id
311 2644 509 2710 simularunt
537 2644 577 2708 ad
599 2649 737 2728 tempus,
765 2647 798 2707 et
823 2643 889 2708 tria
911 2639 1004 2709 milia
1027 2643 1126 2708 salta-

104 2734 227 2797 tricum
250 2750 292 2797 ne
315 2732 527 2817 interpellata
550 2734 678 2818 quidem
702 2753 775 2798 cum
790 2729 897 2797 choris
919 2729 1125 2817 todidemque

104 2825 315 2886 remanerent
328 2823 506 2908 magistris.
529 2823 581 2886 20.
596 2827 628 2886 et
642 2823 719 2887 licet
734 2843 932 2906 quocumque
947 2821 1058 2887 oculos
1072 2818 1126 2885 fle-

64 2935 91 2972 u·
106 2912 195 2976 reris
210 2911 352 2976 feminas
368 2912 505 2977 adfatim
523 2913 645 2976 multas
665 2915 811 2996 spectare
831 2911 978 2995 cirratas,
999 2910 1128 2994 quibus,

106 3002 134 3065 si
159 3001 360 3085 nupsissent,
382 3023 441 3085 per
464 3005 606 3065 aetatem
628 3002 767 3066 teriam
784 3000 880 3064 nixas
903 3003 1033 3083 poterat
1056 3021 1127 3084 sup-

104 3094 219 3174 petere
241 3089 431 3174 liberorum,
449 3089 489 3154 ad
503 3110 605 3174 usque
622 3091 766 3156 taedium
780 3089 915 3174 pedibus
938 3089 1126 3174 pauimenta

173 3385 191 3434 4
209 3377 336 3436 obluridi
356 3377 408 3433 VP
426 3379 525 3434 coloris
543 3377 665 3434 obluridi
689 3377 715 3432 G
737 3377 868 3433 oblurida
888 3379 922 3435 ba
983 3377 1125 3434 *7801111-

103 3447 229 3502 ramides
245 3445 273 3502 V
307 3451 338 3502 11
357 3445 444 3502 fortes
464 3445 516 3500 VP
551 3455 582 3502 10
596 3441 740 3525 perflabili
757 3461 825 3501 sono
842 3447 935 3501 uocali
953 3446 1126 3516 transpose}

104 3513 240 3571 uocabuli
262 3513 316 3570 VP
350 3513 483 3570 tinnitum
504 3511 637 3569 Vtomtu
654 3515 682 3568 P
718 3520 749 3569 19
767 3513 803 3568 ad
821 3513 872 3583 tua
890 3515 925 3569 de
944 3513 1022 3572 codd.
1041 3531 1125 3596 -pen

105 3593 199 3643 torum
216 3582 286 3638 ads.
309 3581 346 3637 Vl
401 3587 433 3636 21
450 3582 628 3639 minimarum
649 3581 702 3637 ΥΡ
718 3582 867 3636 mimarum
885 3581 918 3651 119
982 3585 1126 3638 3111111111

109 3649 160 3706 VP
177 3651 264 3707 nidus
282 3652 344 3721 (ola,
362 3650 416 3722 ter)
438 3649 570 3706 Valesius.
