2530 3922
272 210 525 271 CONSTANTIVS
543 209 590 263 ΕΤ
609 204 750 262 GALLVS
769 209 819 258 353
1015 199 1053 262 ll

71 367 111 432 uel
123 366 221 430 innare
242 365 362 446 temere
378 354 538 422 contextis
563 351 706 416 cratibus
720 348 849 432 parant,
873 343 992 407 effusae
1011 341 1055 404 le-

71 458 170 540 giones,
190 473 265 536 quae
287 448 478 513 hiemabant
504 447 582 508 tunc
611 439 695 524 apud
723 436 833 517 Sidon,
866 431 970 496 isdem
998 430 1056 493 irn-

69 548 130 629 petu
158 561 314 607 occurrere
337 536 453 602 ueloci.
500 536 532 596 et
560 529 662 613 signis
685 547 785 612 prope
809 525 914 607 ripam
938 518 1056 584 locatis

70 635 100 698 ad
111 653 211 700 manus
225 627 403 695 comminus
427 619 641 690 conserendas
656 617 790 681 denseta
805 615 970 677 scutorum
986 629 1057 672 eon-

52 742 136 807 spage
164 723 258 784 semet
283 715 499 782 scientissime
522 707 781 794 praestruebant,
804 722 901 767 ausos
930 717 1057 782 quoque

70 813 172 896 aliquos
193 807 308 874 fiducia
321 803 421 870 nandi
443 801 497 866 uel
521 796 646 864 cauatis
670 793 822 859 arborum
845 787 968 853 truncis
993 805 1059 849 arn-

69 923 126 964 nen
145 919 304 984 permeare
326 895 468 960 latenter
480 887 637 954 facillime
660 882 872 948 trucidarrmt.
911 877 960 941 11.
975 873 1059 938 unde

69 989 211 1074 temptatis
239 986 281 1052 ad
303 983 477 1048 discrimen
498 977 651 1042 ultimum
674 971 800 1038 artibus
824 967 963 1031 multum
987 984 1059 1026 eum

69 1079 133 1142 nihil
153 1077 387 1161 impetraretur,
410 1090 532 1155 pauore
555 1066 651 1148 uique
679 1059 857 1144 repellente
882 1051 1004 1118 extrusi
1027 1054 1061 1114 et

44 1191 117 1252 aquo
140 1167 305 1231 tenderent
333 1160 535 1244 ambigentes
559 1173 676 1218 uenere
699 1171 800 1234 prope
824 1143 979 1229 oppidum
1001 1139 1061 1204 La-

69 1257 157 1321 randa.
188 1256 236 1319 m.
250 1253 300 1318 ibi
313 1251 402 1316 uictu
415 1245 553 1313 recreati
566 1247 599 1308 et
614 1241 732 1327 quiete,
746 1238 921 1321 postquam
935 1231 1063 1296 abierat

68 1347 153 1429 timor,
174 1345 262 1409 uicos
286 1341 459 1425 opulentos
489 1333 594 1400 adorti
618 1327 816 1414 equestrium
844 1322 985 1387 aduentu
1013 1338 1063 1380 co-

68 1435 197 1516 hortium,
220 1453 304 1518 quae
328 1451 404 1494 casu
426 1421 707 1511 propinquabant,
736 1437 795 1479 nec
819 1411 971 1476 resistere
994 1405 1064 1490 pla-

67 1525 130 1588 nitie
149 1524 297 1607 porrecta
321 1517 430 1584 conati
452 1511 592 1598 digressi
615 1511 691 1572 sunt
717 1508 868 1588 retroque
893 1495 1065 1562 conceden-

43 1619 105 1676 stes
125 1633 213 1677 omne
236 1607 418 1675 iuuentutis
442 1605 541 1669 robur
564 1598 715 1664 relictum
738 1594 774 1657 in
797 1588 927 1655 sedibus
943 1583 1065 1649 accine-

68 1707 134 1767 runt
166 1702 214 1766 13.
229 1704 263 1765 et
280 1697 434 1783 quoniam
452 1691 560 1757 inedia
575 1686 669 1772 graui
684 1680 943 1760 adflictabantur,
957 1675 1066 1738 locum

68 1793 189 1873 petinere
219 1789 341 1854 Paleas
373 1783 513 1864 nomine,
542 1778 732 1860 uergentem
764 1771 800 1833 in
830 1787 928 1848 mare,
955 1760 1065 1827 ualido

68 1903 142 1945 nnro
167 1880 343 1960 firmatum,
374 1873 431 1938 ubi
459 1869 640 1936 conduntur
665 1883 750 1926 nuno
780 1877 881 1940 usque
910 1870 1067 1918 commea-

67 1975 108 2033 tus
132 1968 284 2034 distribui
306 1962 467 2028 militibus
491 1978 586 2024 omne
616 1954 703 2018 latus
730 1945 876 2013 Isauriae
899 1940 1068 2005 defenden-

44 2087 60 2118 a
70 2059 139 2122 tibus
169 2055 307 2123 adsueti.
341 2049 581 2118 circumstetere
613 2043 716 2126 igitur
742 2038 803 2101 hoc
833 2032 1069 2098 munimentum

71 2149 265 2230 pertriduum
286 2147 320 2208 et
341 2140 531 2206 trinoctium
545 2138 579 2199 et
593 2154 665 2198 eum
687 2149 791 2211 neque
807 2120 978 2189 adcliuitas
997 2117 1069 2199 ipsa

72 2238 123 2300 sine
136 2235 321 2301 discrimine
337 2231 419 2296 adiri
441 2225 545 2308 letali,
567 2244 627 2287 nec
642 2216 797 2284 cuniculis
813 2213 985 2297 quicquam
1001 2204 1071 2289 geri

70 2331 170 2409 posset,
191 2347 253 2390 nec
277 2319 467 2406 procederet
488 2315 593 2381 ullum
616 2305 819 2375 obsidionale
843 2298 1071 2373 commentum,

71 2416 170 2480 maesti
192 2413 354 2479 excedunt
376 2411 542 2493 postrema
555 2401 591 2466 ui
614 2397 784 2480 subigente
808 2389 933 2454 maiora
946 2381 1071 2448 uiribus

46 2529 62 2563 n
71 2503 247 2589 adgressuri.
275 2502 325 2565 14.
333 2495 469 2583 proinde
480 2493 635 2574 concepta
644 2485 735 2551 rabie
746 2479 900 2559 saeuiore,
916 2494 1013 2557 quam
1022 2470 1074 2533 de-

73 2594 194 2674 sporatio
218 2589 414 2656 incendebat
442 2588 475 2648 et
497 2582 610 2664 fames,
643 2568 849 2658 amplificatis
877 2562 1002 2629 uiribus
1026 2581 1075 2623 ar-

72 2682 132 2748 dore
159 2679 334 2748 incohibili
361 2677 396 2741 in
423 2672 582 2738 excidium
611 2665 741 2730 urbium
768 2655 883 2722 matris
908 2648 1074 2717 Seleuciae

74 2773 284 2852 efferebantur,
313 2787 409 2852 quam
433 2782 540 2828 eomes
568 2756 721 2821 tuebatur
745 2745 921 2814 Castricius
944 2744 1075 2820 tresque

73 2859 201 2944 legiones
216 2857 348 2924 bellicis
364 2851 535 2918 sudoribus
550 2845 728 2910 induratae.
763 2836 813 2902 15.
829 2835 945 2897 horam
961 2828 1077 2892 aduen-

45 2957 130 3013 atum
153 2945 324 3034 praedocti
351 2936 628 3028 speculationibus
660 2929 733 2994 fidis
766 2927 907 2989 rectores
935 2916 1078 2980 militum

73 3041 182 3104 tessera
213 3038 294 3101 data
325 3030 477 3098 sollemni
505 3027 648 3092 armatos
676 3037 787 3084 omnes
816 3008 914 3077 celeri
942 3005 1078 3070 eduxere

132 3237 144 3285 1
167 3227 309 3284 contextis
340 3223 464 3278 cratibus
487 3217 630 3283 Kiessliup
658 3207 784 3266 contexti
811 3203 877 3257 sunt
898 3197 1004 3274 ratibps
1029 3192 1081 3246 VP

74 3307 87 3350 o
103 3298 188 3354 temet
208 3297 264 3352 VP
299 3301 331 3348 10
349 3290 426 3346 ambi
449 3289 528 3343 entes
546 3297 652 3338 uenere
668 3278 721 3333 (ΞΑ
739 3271 898 3328 ambientes
915 3260 1081 3340 uenireyP

78 3373 103 3418 11
118 3367 165 3420 ubi
183 3366 210 3420 G
283 3368 314 3416 12
332 3359 425 3414 eduen
476 3352 581 3410 Hortel
599 3344 762 3404 adiumento
781 3339 859 3396 codd.
925 3339 956 3388 15
975 3343 1083 3384 aec1ue·

77 3488 134 3539 runt
148 3487 209 3556 bpa.
234 3444 399 3552 acciderunt
419 3475 446 3530 V
508 3479 540 3526 22
563 3467 651 3539 possit
668 3463 746 3518 adire
762 3457 830 3512 V¹P
850 3453 940 3524 possit
958 3446 1029 3502 adiri
1048 3443 1085 3497 V²

79 3553 106 3621 lo
121 3553 190 3606 adiri
207 3551 238 3606 A
292 3556 325 3604 23
343 3543 511 3616 procederet
528 3536 628 3604 scripsi
645 3526 820 3602 procedebat
837 3521 915 3597 codd.
930 3521 993 3586 post
1010 3529 1084 3592 pom·

78 3622 196 3676 menum
219 3619 367 3675 iudanam
383 3613 512 3666 mentum
523 3609 555 3662 ia
571 3605 656 3659 Vera.
670 3601 713 3654 Pr
748 3601 779 3648 27
799 3591 922 3644 seleue1a
943 3583 994 3637 VP
1010 3593 1086 3632 msc·

79 3688 158 3742 tentia
173 3691 224 3758 rbp
272 3691 324 3741 ⁸30
347 3682 417 3737 fides
438 3679 490 3733 VP
