2530 3922
172 221 214 286 38
493 173 498 182 ’
565 214 646 272 nm
665 224 704 286 11,
724 221 808 272 r-rs

172 363 341 430 introisset
381 362 417 427 in
439 361 581 427 statione
610 382 693 445 quae
717 358 841 427 Caenos
866 361 1053 430 Gallicanos
1077 365 1191 448 appel·

172 455 269 538 latur,
293 453 466 536 absumpta
490 454 541 515 est
563 451 598 516 ui
619 449 760 515 febrium
783 451 962 535 repentina.
998 453 1088 519 ouius
1111 459 1191 537 post

172 544 299 610 obitum
331 541 467 606 maritus
496 540 721 624 contemplans
754 540 907 606 accidisse
939 541 1091 607 fiduciam
1123 565 1192 626 qua

172 655 207 698 se
229 633 349 697 fultum
371 630 591 713 existimabat,
614 628 711 694 anxia
735 629 943 714 cogitatione,
967 631 1044 715 quid
1058 631 1190 697 molire-

171 727 225 786 tur
238 721 404 786 haerebat.
444 721 472 784 7.
486 719 572 784 inter
586 740 637 783 res
653 718 739 783 enim
753 717 916 802 inpeditas
935 723 968 786 et
982 720 1131 787 turbidas
1147 722 1190 786 ad
1205 739 1216 778 ⁵

170 812 233 876 hoc
264 833 364 876 unum
396 811 537 874 mentem
570 807 746 873 sollicitam
777 807 954 894 dirigebat,
987 810 1072 894 quod
1104 808 1191 875 Son-

171 900 313 966 stantius
347 903 462 964 cuncta
495 898 536 962 ad
568 919 661 962 suam
698 898 894 964 sententiam
926 898 1094 964 conferens
1127 923 1190 965 nec

169 989 428 1056 satisfactionem
452 987 609 1071 suscipiet
627 986 773 1071 aliquam
795 1008 854 1052 nec
883 988 999 1053 erratis
1028 989 1190 1072 ignoscet,

171 1079 237 1165 sed,
259 1082 296 1143 ut
310 1082 382 1144 erat
399 1077 435 1142 in
456 1075 712 1160 propinquitatis
726 1075 903 1159 perniciem
921 1077 1118 1160 inclinatior,
1141 1080 1189 1143 la-

172 1189 271 1254 queos
304 1167 333 1232 ci
367 1167 508 1231 latenter
540 1165 733 1247 obtendens,
770 1166 799 1229 si
835 1167 975 1250 cepisset
1011 1166 1227 1251 incautum,1o

170 1261 275 1323 morte
298 1256 463 1322 multaret.
500 1255 529 1321 8.
545 1277 582 1320 eo
605 1254 811 1319 necessitatis
836 1255 991 1320 adductus
1005 1255 1189 1340 ultimaque

170 1348 205 1412 ni
236 1345 411 1432 uigilasset
443 1344 628 1429 opperiens,
660 1343 840 1428 principem
872 1345 993 1429 locum,
1030 1345 1059 1409 si
1092 1347 1188 1428 copia

169 1437 332 1521 patuisset
347 1437 472 1520 [quam]
489 1433 683 1516 adfectabat,
707 1431 764 1498 sed
777 1432 946 1516 perfidiam
965 1433 1189 1517 proximorum

170 1527 297 1590 ratione
329 1524 449 1590 bifaria
481 1524 671 1605 uerebatur,
703 1522 759 1606 qui
791 1544 865 1587 eum
897 1526 934 1587 ut
965 1523 1189 1587 truculentum

169 1614 348 1678 horrebant
371 1617 405 1677 et
426 1614 542 1695 leuem,
565 1613 683 1696 quique
707 1611 858 1676 altiorem
882 1608 1067 1676 Constantii
1085 1613 1229 1676 tortu-1⁵
1249 1657 1250 1692 ,

168 1725 246 1767 nam
275 1703 309 1766 in
332 1701 502 1766 discordiis
526 1700 677 1765 ciuilibus
705 1700 936 1766 formidabant.
972 1701 1003 1765 9.
1021 1701 1107 1766 inter
1125 1701 1188 1766 has
1249 1695 1250 1714 ¹

170 1813 320 1856 curarum
343 1791 445 1855 moles
469 1789 633 1854 inmensas
657 1789 863 1872 imperatoris
888 1791 1011 1874 scripta
1034 1791 1189 1874 suscipie-

168 1881 228 1945 bat
250 1879 385 1945 adsidua
408 1878 571 1943 monentis
595 1877 797 1962 orantisque,
821 1883 858 1942 ut
881 1879 921 1944 ad
945 1901 979 1943 se
1002 1879 1131 1944 ueniret
1154 1884 1189 1943 et

168 1971 277 2034 mente
304 1967 517 2032 monstrantis
546 1967 680 2052 obliqua
706 1989 775 2032 rem
805 1968 971 2052 publicam
997 1989 1057 2032 nec
1089 1989 1188 2051 posse

168 2057 270 2123 diuidi
297 2079 356 2121 nco
384 2056 513 2138 debere,
542 2057 598 2122 sed
624 2078 684 2140 pro
711 2056 836 2122 uiribus
861 2078 1019 2142 quemque
1044 2057 1074 2122 ei
1101 2056 1188 2122 ferre
1204 2075 1229 2113 20

168 2147 335 2231 suppetias
358 2145 538 2228 fluctuanti,
559 2145 714 2210 nimirum
728 2144 912 2212 Galliarum
925 2146 1072 2212 indicans
1086 2148 1189 2212 uasti·
1248 2145 1249 2148 ’

168 2240 280 2301 tatem.
319 2235 370 2300 10.
385 2235 500 2319 quibus
516 2234 706 2300 subserebat
719 2256 784 2299 non
799 2234 877 2300 adeo
892 2239 987 2300 uetus
1002 2234 1189 2319 exemplum

171 2325 256 2410 quod
278 2323 484 2390 Diocletiano
509 2324 633 2390 eteius
657 2323 803 2408 collegae
828 2328 863 2388 ut
887 2325 1090 2408 apparitores
1109 2321 1189 2389 an-

170 2437 259 2480 sarcs
287 2435 354 2478 non
375 2413 508 2497 resides,
531 2413 586 2479 sed
609 2412 695 2478 ultro
720 2413 873 2498 citroque·
889 2413 1105 2478 discurrentes
1130 2413 1189 2478 ob-

168 2503 397 2586 temperabant
420 2507 454 2566 et
476 2503 510 2567 in
525 2501 620 2587 Syria
643 2501 786 2588 Augusti
808 2502 994 2567 uehiculum
1012 2502 1187 2567 irascentis
1203 2521 1230 2560 2⁵

168 2613 227 2676 per
250 2591 392 2674 spatium
415 2591 506 2656 mille
530 2613 685 2674 passuum
707 2591 774 2657 fere
797 2592 894 2676 pedes
910 2596 1119 2677 antegressus
1135 2597 1189 2656 est
1247 2667 1248 2692 ,

169 2679 318 2744 Galerius
341 2683 549 2763 purpuratus.

259 2769 309 2833 11.
323 2767 467 2833 Aduenit
479 2773 555 2853 post
570 2771 690 2835 multos
707 2769 835 2837 Scudilo
845 2769 1069 2838 Scutariorum
1083 2771 1189 2836 tribu·

167 2880 228 2923 nus
251 2857 436 2924 uelamento
460 2859 662 2944 subagrestis
686 2860 809 2944 ingenii
831 2859 1050 2944 persuasionis
1075 2859 1188 2944 opifex

169 2947 316 3013 callidus.
366 2947 422 3032 qui
450 2969 523 3013 eum
551 2947 710 3014 adulabili
738 2970 885 3013 sermone
914 2948 1007 3013 seriis
1038 2947 1188 3012 admixto
1203 2966 1232 3005 ³⁰

170 3036 258 3101 solus
273 3037 418 3102 omnium
441 3036 604 3121 proficisci
626 3037 762 3120 pellexit
784 3036 880 3102 uultu
894 3037 1091 3102 adsimulato
1117 3059 1189 3101 sae-

167 3125 241 3208 pius
273 3126 459 3210 replicando
493 3126 578 3211 quod
610 3125 827 3210 flagrantibus
856 3125 940 3190 uotis
970 3147 1043 3192 eum
1074 3125 1189 3189 uidere
1246 3163 1247 3206 p

166 3213 269 3279 frater
284 3219 414 3300 cuperet
427 3215 596 3300 patruelis,
610 3214 716 3298 siquid
730 3236 788 3299 per
802 3214 1042 3298 inprudentiam
1054 3217 1190 3298 gestum

167 3349 384 3361 -2—-—

236 3414 269 3461 10
287 3407 314 3460 ei
331 3407 380 3476 bpa
398 3408 427 3460 et
449 3406 475 3460 V
542 3413 678 3476 laquem
700 3405 804 3461 deleuit
827 3405 961 3476 mseras.
986 3405 1021 3525 qqi
1042 3421 1078 3458 ua
1101 3407 1191 3474 eopia

167 3475 308 3594 patuisset
325 3481 461 3541 cranaos.
482 3473 520 3544 G)
557 3480 590 3529 14
607 3474 759 3528 uerebatur
775 3475 803 3527 A
820 3473 965 3528 ferebatur
1009 3473 1037 3528 P
1072 3472 1191 3527 desere-

189 3542 253 3595 atur
271 3541 298 3596 G
365 3547 399 3596 at
420 3541 527 3596 resides
549 3543 601 3596 ba
623 3540 758 3595 resedisse
786 3541 812 3593 V
877 3546 909 3596 25
932 3542 962 3595 et
981 3540 1035 3595 Gn
1059 3555 1094 3594 cn
1117 3539 1194 3596 VPb

168 3614 201 3663 28
219 3609 323 3663 multos
341 3607 453 3664 Scudilo
468 3608 495 3664 d
512 3557 603 3663 mullo
620 3607 764 3663 scudiculo
781 3607 832 3664 VP
866 3615 899 3664 30
915 3609 1001 3678 pariis
1023 3607 1074 3661 VP
1109 3613 1145 3660 33
1168 3609 1195 3662 si

167 3675 237 3746 quid
255 3677 398 3746 Kicasliap
414 3675 484 3746 quid
505 3675 557 3730 VP
574 3675 713 3746 quidquid
731 3675 865 3748 nyssena
