2430 3928
147 179 188 243 72
369 218 373 224 .
552 175 604 229 xv
624 181 664 241 11,
686 181 768 228 1-1c

143 321 252 403 soluit,
275 342 333 404 per
346 319 540 384 Druentiam
559 319 679 382 fiumen
703 316 888 401 gurgitibus
902 315 996 399 uagis
1020 315 1157 379 intutum

141 411 292 494 regiones
316 410 487 494 occupauit
504 408 668 473 Etruscas.
714 407 868 471 hactenus
893 426 989 487 super
1011 402 1156 487 Alpibus.

141 521 227 564 nune
251 499 291 562 ad
314 499 472 562 restantia
494 497 672 562 ueniamus.

231 585 284 652 ll.
308 588 336 650 1.
351 586 565 670 Temporibus
586 586 702 670 priscis
720 607 793 650 cum
814 585 954 649 laterent
971 583 1033 646 hae
1049 584 1156 666 partes

141 681 178 740 ut
187 677 355 760 barbarae,
365 677 547 760 tripertitae
557 675 657 740 fuisse
672 675 844 740 creduntur
853 674 889 737 in
899 671 1156 738 Oeltaseosdem-
1170 688 1181 729 5

143 788 203 850 que
227 764 341 830 Gallos
365 765 487 846 diuisae
511 769 545 830 et
566 765 748 850 Aquitanos
774 768 806 828 et
824 762 955 847 Belgae,
978 761 1090 845 lingua
1111 759 1158 824 in-

143 854 266 919 stitutis
294 855 485 938 legibusque
508 854 736 938 discrepantes.
777 854 807 916 2.
829 855 862 916 ct
885 851 996 916 Gallos
1021 849 1158 934 quidem,

143 943 199 1028 qui
230 941 340 1008 Celtae
371 948 454 1027 sunt,
485 945 525 1008 ab
555 943 730 1028 Aquitanis
761 941 926 1006 Garumna
955 939 1159 1004 disterminat

142 1033 274 1115 flumen,
305 1055 325 1096 a
353 1032 528 1116 Pyrenaeis
559 1033 666 1097 oriens
699 1031 837 1096 collibus
870 1033 1007 1114 postque
1040 1028 1159 1112 oppida

143 1122 247 1185 multa
260 1125 446 1186 transcursa
460 1123 494 1185 in
508 1144 627 1186 oceano
642 1122 843 1186 delitescens.
876 1121 906 1184 3.
921 1142 940 1183 a
952 1117 1065 1202 Belgis
1079 1139 1156 1181 uero
1173 1137 1192 1175 10

143 1211 277 1275 eandem
304 1214 435 1294 gentem
457 1211 609 1276 Matrona
632 1211 784 1276 discindit
807 1213 840 1273 et
854 1207 1020 1292 Sequana,
1048 1229 1157 1270 sennes

143 1300 376 1383 magnitudinis
401 1301 567 1385 geminae:
593 1301 649 1384 qui
672 1301 807 1365 fluentes
830 1321 888 1383 per
910 1297 1158 1382 Lugdunensem

142 1392 217 1471 post
240 1389 507 1454 circumclausum
531 1391 654 1455 ambitu
676 1389 812 1454 insulari
827 1388 1028 1453 Parisiorum
1047 1385 1159 1452 castel-

142 1478 219 1562 lum,
245 1477 410 1544 Lutetiam
431 1481 571 1564 nomine,
599 1479 810 1544 consociatim
836 1481 981 1542 meantes
1011 1475 1158 1560 protinus

144 1589 246 1651 prope
270 1571 377 1632 castra
394 1567 586 1634 Gonstantia
607 1569 785 1634 funduntur
808 1567 843 1632 in
865 1589 962 1632 mare.
998 1566 1028 1629 4.
1042 1565 1159 1630 horum
1174 1574 1193 1612 1⁵

143 1656 288 1720 omniurn
311 1657 395 1740 apud
409 1661 534 1721 ueteres
548 1657 670 1742 Belgae
685 1651 874 1722 dicebantur
896 1678 966 1720 esse
988 1655 1160 1719 fortissimi

143 1767 180 1808 ea
211 1748 354 1828 propter,
386 1747 471 1829 quod
499 1746 539 1810 ab
568 1746 758 1811 humaniore
782 1747 871 1811 cultu
903 1746 999 1828 longe
1028 1743 1160 1808 discreti

141 1855 200 1898 nec
224 1833 415 1898 aduentioiis
439 1835 613 1900 effeminati
628 1835 762 1919 deliciis,
785 1836 840 1900 diu
859 1856 932 1898 cum
954 1833 1160 1897 transrhena-

141 1922 193 1986 nis
218 1925 381 1986 certauere
398 1922 576 1988 Germanis.
623 1923 825 2009 sequitant
848 1924 943 2006 enim,
963 1923 1160 2006 adquorum

142 2010 241 2076 litora
263 2015 300 2075 ut
326 2013 475 2096 proxima
503 2013 692 2098 placidaque
716 2035 837 2078 merces
862 2011 1063 2076 aduenticiae
1087 2033 1159 2074 con·
1172 2021 1193 2058 ²⁰

141 2099 312 2184 uehuntur,
335 2102 481 2166 moribus
505 2103 546 2167 ad
568 2102 742 2166 mollitiem
765 2102 865 2185 lapsis
889 2100 985 2165 facile
1008 2101 1043 2163 in
1063 2100 1160 2164 dicio·

144 2211 219 2252 nem
242 2211 359 2254 uenere
382 2189 572 2256 Romanam.
622 2193 652 2256 6.
675 2192 872 2276 regebantur
900 2193 1008 2254 autem
1032 2188 1159 2254 Galliae

142 2299 252 2358 omnes
276 2279 341 2342 iarn
355 2280 438 2363 inde,
452 2281 501 2344 uti
515 2281 689 2345 crebritate
712 2280 873 2346 bellorum
886 2279 1016 2364 urgenti
1035 2301 1160 2344 cessere

141 2367 226 2432 lulio
260 2367 424 2452 dictatori,
461 2373 622 2452 potestate
655 2371 689 2434 in
719 2373 829 2454 partes
862 2369 967 2434 diuisa
996 2371 1161 2453 quattuor,

142 2479 278 2540 quarum
296 2455 518 2523 Narbonensis
533 2482 597 2524 una
619 2459 837 2524 Viennensem
860 2458 946 2522 intra
964 2481 998 2522 se
1017 2459 1161 2522 contine·
1175 2467 1197 2504 n

141 2545 199 2608 bat
230 2548 262 2608 et
290 2545 552 2628 Lugdunensem:
583 2549 686 2612 altera
708 2547 883 2634 Aquitanis
913 2551 1062 2631 praeerat
1091 2547 1160 2610 nni-

142 2633 260 2696 uersis:
288 2635 488 2716 superiorem
518 2641 550 2700 et
578 2637 766 2702 inferiorem
789 2635 997 2702 Germaniam
1011 2656 1013 2669 ·
1026 2636 1160 2720 Belgas-

119 2738 121 2743 ·
143 2743 204 2804 que
218 2722 299 2786 duae
319 2723 558 2790 iurisdictiones
577 2726 679 2790 isdem
697 2749 808 2808 rexere
827 2727 1038 2810 temporibus.
1076 2725 1105 2789 7.
1125 2729 1160 2788 at

141 2833 226 2874 nunc
248 2816 458 2877 numerantur
480 2815 667 2897 prouinciae
690 2837 891 2898 peromnem
910 2815 1069 2879 ambitum
1084 2812 1159 2877 Gal-

141 2899 272 2965 liarum:
296 2902 435 2966 secunda
454 2901 636 2988 Germania,
659 2905 765 2988 prima
789 2905 828 2968 ab
854 2901 1048 2968 occidentali
1070 2924 1159 2967 exor-
1172 2912 1199 2949 30

141 2989 230 3054 diens
255 2991 393 3076 cardine,
420 2991 605 3076 Agrippina
629 2997 661 3056 et
684 2993 826 3078 Tungris
849 2993 988 3076 munita,
1019 2992 1159 3057 ciuitati-

141 3077 201 3141 bus
226 3079 343 3162 amplis
368 3083 400 3144 εὴ
423 3082 571 3165 copiosis.
618 3083 647 3147 8.
671 3083 745 3146 dein
767 3082 873 3165 prima
897 3081 1079 3163 Germania,
1102 3080 1159 3144 ubi

139 3169 267 3248 praeter
295 3167 362 3232 alia
384 3171 559 3254 municipia
581 3170 807 3254 Mogontiacus
836 3174 886 3235 est
913 3174 947 3234 et
969 3169 1158 3254 Vangiones

141 3259 173 3318 et
195 3255 352 3320 Nemetae
376 3261 409 3321 et
430 3257 671 3343 Argentoratus
694 3259 873 3324 barbaricis
897 3259 1043 3324 cladibus
1071 3263 1159 3323 nota.

208 3500 316 3571 aEtr.]
337 3501 485 3554 Tauriscus
506 3502 637 3571 Wo'lfslia
706 3507 758 3559 *10
775 3521 844 3560 uero
868 3522 926 3560 com
947 3505 1028 3560 sudio
1050 3519 1103 3560 ser.
1125 3503 1157 3556 V²

138 3581 195 3644 non
213 3567 245 3634 Q,
264 3575 296 3623 ut
314 3569 406 3622 uoluit
417 3567 551 3645 Eysscub.
588 3577 618 3624 11
633 3571 767 3626 discindit
780 3573 806 3628 G
819 3524 966 3628 descendit
981 3573 1033 3627 VP
1068 3572 1157 3627 1411-

138 3637 208 3688 trcra
229 3635 256 3689 V
321 3635 429 3688 meanti
447 3637 629 3705 meantesque
651 3637 754 3710 VPbyu
827 3647 858 3696 31
879 3641 1009 3712 agripina
1031 3644 1058 3692 V
