2430 3928
285 195 540 254 CONSTANTIVS
558 197 605 254 ET
624 199 797 256 IVLIANVS
816 207 865 256 356
1019 204 1060 270 93

71 339 192 403 omnium
213 341 325 425 larem,
354 363 426 408 eum
453 343 598 408 uenisset
621 343 661 408 ad
687 347 809 429 rostra,
840 344 1061 430 perspectissi-

68 449 140 492 mum
159 429 276 512 priscae
298 432 465 514 potentiae
488 432 605 516 forum,
629 433 798 517 obstupuit
820 455 941 518 perque
965 455 1059 498 omne

68 517 136 581 latus
158 541 216 602 quo
244 542 277 584 se
300 521 386 586 oculi
409 522 623 587 contulissem
646 523 877 588 miraculorum
900 522 1059 588 densitate

65 609 261 692 praestrictus,
289 611 457 676 adlocutus
481 611 689 678 nobilitatem
717 612 752 676 in
774 612 863 676 curia
891 613 1060 697 populum-

45 718 115 779 5que
141 717 155 762 c
181 699 346 784 tribunali,
378 701 412 764 in
441 701 601 785 palatium
630 705 778 786 receptus
809 701 921 766 fauore
952 703 1060 767 multi·

64 785 134 868 plici,
155 786 280 852 laetitia
301 789 470 855 fruebatur
485 795 606 876 optata,
631 795 663 856 et
678 813 782 875 saepe,
806 813 878 856 cum
894 796 1058 875 equestres

64 875 153 940 ederet
175 877 278 962 ludos,
300 879 473 945 dicacitate
496 881 601 964 plebis
621 881 847 945 oblectabatur
869 903 928 944 nec
952 903 1059 963 super·

63 964 110 1028 bae
129 988 218 1032 neca
239 967 393 1034 libertate
408 970 530 1034 coalita
544 970 761 1053 desciscentis,
784 973 970 1034 reuerenter
993 991 1059 1034 mo-

64 1053 123 1118 dum
134 1055 199 1139 ipse
215 1079 341 1142 quoque
356 1059 501 1124 debiturn
515 1081 657 1124 seruans.
682 1060 732 1124 14.
755 1059 932 1142 nonenim,
950 1063 988 1124 ut
1001 1081 1058 1143 per

36 1143 190 1210 rocimtates
206 1147 297 1231 alias,
322 1148 362 1212 ad
384 1149 556 1214 arbitrium
579 1171 672 1213 suum
695 1148 872 1213 certamina
895 1148 982 1212 finiri
1005 1171 1059 1232 pa·

63 1233 195 1319 tiebatur,¹
224 1237 280 1302 sed
303 1242 340 1302 ut
369 1259 439 1302 mos
471 1242 521 1302 est
549 1239 649 1302 uariis
681 1238 807 1302 casibus
837 1238 1058 1322 permittebat.

63 1322 155 1388 deinde
176 1325 266 1391 intra
289 1331 413 1410 septem
436 1327 595 1392 montium
610 1327 752 1392 culmina
774 1349 832 1411 per
854 1327 1058 1392 adcliuitates

61 1412 275 1500 planitiemque
297 1416 407 1500 posita
428 1417 519 1482 urbis
542 1417 687 1482 membra
702 1417 906 1480 conlustrans
931 1421 964 1480 et
987 1416 1060 1480 sub·

61 1501 178 1588 urbana,
212 1505 364 1590 quicquid
395 1507 523 1571 uiderat
554 1507 709 1591 primum,
740 1506 773 1569 id
801 1505 941 1570 eminere
974 1504 1060 1568 inter

35 1591 113 1655 salia
133 1599 245 1660 cuncta
268 1595 434 1684 sperabat:
479 1595 567 1666 Iouis
592 1595 711 1680 Tarpei
735 1593 878 1678 delubra,
903 1598 1060 1678 quantum

61 1684 176 1748 terrenis
201 1683 313 1749 diuina
335 1686 550 1769 praecellunt:
573 1686 704 1750 lauscra
727 1684 762 1748 in
775 1684 907 1754 modum
929 1683 1058 1768 prouin-

61 1771 164 1836 ciarum
187 1777 365 1839 exstructa:
389 1773 623 1859 amphitheatri
636 1774 756 1839 molem
780 1773 954 1838 solidatam
977 1772 1058 1855 lapi-

61 1858 98 1922 dis
124 1860 286 1928 Tiburtini
316 1885 484 1949 compage,
515 1865 556 1928 ad
586 1864 675 1928 cuius
707 1863 931 1928 summitatem
962 1881 1058 1947 aegre

61 1948 127 2014 uisio
152 1951 296 2017 humana
323 1953 522 2019 conscendit:
558 1953 742 2018 Pantheum
771 1953 862 2017 uelut
891 1952 1060 2036 regionem

35 2052 51 2089 a
62 2041 179 2106 teretem
201 2042 347 2126 speciosa
361 2043 552 2108 celsitudine
574 2042 784 2107 fornicatam:
808 2042 976 2125 elatosque
990 2062 1060 2104 uer-

61 2128 124 2194 tices
146 2132 277 2196 scansili
297 2136 453 2217 suggestu
473 2132 640 2198 consulum
655 2136 688 2196 et
710 2131 854 2216 priorum
876 2131 1060 2214 principum

62 2215 246 2286 imitamenta
259 2225 437 2306 portantes,
453 2226 485 2286 et
494 2221 593 2287 Vrbis
608 2221 951 2305 tenplum-aramque
965 2218 1059 2282 Pacis

62 2311 86 2370 et
110 2307 240 2394 Pompei
271 2311 437 2376 theatrum
467 2316 499 2376 et
530 2310 654 2376 Odeum
685 2315 719 2376 et
752 2309 899 2375 Stadium
932 2307 1059 2390 aliaque

61 2395 130 2462 inter
152 2399 230 2465 haec
254 2401 368 2466 decora
391 2401 482 2466 urbis
506 2405 664 2466 aeternae.
709 2399 758 2464 15.
787 2419 901 2462 uerum
924 2418 997 2460 cum
1020 2397 1059 2460 ad

36 2499 52 2537 2³
62 2483 178 2554 halani
203 2489 311 2554 forum
338 2491 495 2575 uenisset,
528 2490 728 2575 singularem
760 2488 819 2552 sub
853 2487 942 2550 omni
970 2485 1059 2550 caelo

62 2578 253 2663 structuram,
280 2583 318 2644 ut
340 2581 526 2664 opinamur,
553 2580 652 2645 etiam
680 2577 848 2643 numinum
870 2575 1060 2641 adsensione

63 2666 235 2753 mirabilem,
268 2669 426 2734 haerebat
449 2669 614 2734 adtonitus
631 2691 688 2752 per
703 2668 875 2752 giganteos
891 2669 1060 2732 contextus

64 2754 270 2823 choumferens
298 2762 439 2823 mentem
468 2781 528 2823 nec
557 2759 664 2823 relatu
694 2757 838 2822 affabiles
866 2778 925 2820 nec
948 2778 1059 2820 rursus

63 2847 236 2913 mortalibus
267 2849 471 2932 adpetendos.
518 2849 606 2912 omni
634 2848 743 2932 itaque
774 2868 830 2930 spe
854 2845 948 2910 huius
972 2844 1060 2908 modi

36 2933 217 3020 equiequam
240 2937 376 3002 conandi
399 2937 534 3022 depulsa
557 2937 690 3002 Traiani
713 2957 831 3020 equum
849 2935 957 2998 solum
977 2933 1061 2996 loca-

64 3025 122 3086 tum
144 3025 176 3090 in
203 3026 281 3092 atrii
303 3028 418 3110 medio,
446 3028 501 3112 qui
524 3027 632 3110 ipsum
658 3025 839 3109 principem
861 3023 961 3106 uehit,
991 3022 1062 3086 imi-

64 3113 117 3176 tari
137 3138 168 3180 se
189 3116 275 3182 uelle
299 3117 427 3182 dicebat
450 3120 483 3182 et
506 3138 610 3200 posse.
648 3115 698 3180 16.
731 3115 782 3178 cui
805 3135 905 3198 prope
930 3113 1060 3177 adstans

65 3203 166 3285 regalis
181 3204 341 3290 Ormizda,
366 3207 455 3271 cuius
471 3228 487 3270 e
501 3205 634 3270 Perside
654 3205 829 3270 discessum
853 3225 951 3288 supra
974 3224 1062 3266 mon-

69 3371 261 3388 Ἢ

121 3472 135 3522 5
152 3485 165 3522 e
186 3468 315 3525 Valesius
331 3484 382 3524 ora.
403 3469 455 3524 VP
472 3487 524 3540 pro
543 3471 594 3539 bac
664 3475 695 3524 10
714 3469 750 3523 ad
771 3468 806 3522 V²
825 3470 897 3538 (sup.
914 3469 996 3533 cers.)
1009 3467 1063 3520 GA

66 3547 105 3588 cm.
123 3533 181 3592 V¹P
215 3545 248 3593 14
265 3538 380 3594 uiderat
399 3537 526 3594 Valesius
543 3539 606 3592 erat
625 3537 706 3592 VGP
723 3553 772 3592 om.
792 3541 827 3590 oa
861 3542 893 3614 21
912 3519 1024 3588 scansili
1037 3535 1063 3588 G

67 3603 180 3658 cassiliV
211 3606 360 3663 consulum
378 3608 407 3661 et
426 3606 453 3661 G
470 3607 643 3676 consurgunt
664 3605 750 3660 VPbu
785 3611 818 3660 30
831 3619 983 3672 quicquam
998 3601 1063 3657 V²P

68 3683 108 3728 om.
127 3671 186 3727 V¹G
253 3682 287 3732 33
306 3675 429 3730 ormisda
450 3674 502 3729 VP
