2430 3928
249 211 504 268 consonamus
522 211 568 267 ΕΤ
586 211 761 268 IVLIANVS
780 217 829 268 356
1001 213 1039 280 83

52 355 166 439 reperiri
196 356 316 442 potuit,
344 355 540 436 exhausisse.
595 356 734 422 ethaeo
762 356 892 441 quidem
922 356 1038 440 pudici·

52 445 104 509 tiae
124 444 340 530 uirtutemque
363 450 439 510 sunt
462 446 558 530 signa
579 450 747 512 nocturna.

122 535 149 598 9.
161 533 284 599 Diebus
298 555 375 600 uero
392 556 472 620 quae
487 539 601 600 ornate
616 536 734 601 dixerit
748 539 780 600 et
794 534 907 619 facete,
922 555 1044 619 quaeue

48 623 235 707 inapparatu
248 624 301 688 uel
324 623 359 690 in
372 624 452 708 ipsis
467 625 572 709 egerit
587 625 811 710 congressibus
834 623 1043 710 proeliorum,

29 736 37 772 .·.
49 717 94 776 aut
113 714 144 777 in
156 735 190 776 re
205 713 297 778 ciuili
310 714 578 798 magnanimitate
594 710 770 796 correxerit
785 718 818 778 et
836 713 1044 796 liberalitate,

48 823 94 866 suo
115 824 254 887 quaeque
277 803 349 867 loco
373 803 688 884 demonstrabuntur.
727 804 778 868 10.
802 825 873 868 cum
897 823 1044 867 exercere

47 892 177 972 proludia
205 892 396 977 disciplinae
425 893 598 957 castrensis
622 893 843 976 philosophus
873 896 1044 976 cogeretur

47 985 75 1043 ut
91 981 252 1066 princeps,
281 985 446 1066 artemque
470 982 667 1048 modulatius
693 981 863 1046 incedendi
891 1004 949 1065 per
971 988 1045 1070 pyr-

46 1070 152 1134 richam
174 1072 419 1136 concinentibus
443 1071 582 1136 disceret
604 1071 733 1157 fistulis,
755 1075 849 1136 uetus
869 1071 951 1136 illud
972 1091 1045 1156 pro-

19 1159 174 1224 suenum
197 1159 356 1225 ‘clitellae
379 1161 459 1226 boui
482 1164 559 1226 sunt
584 1161 759 1245 inpositae:
786 1161 884 1246 plane
906 1182 972 1225 non
995 1163 1045 1223 est

44 1253 173 1314 nostrum
197 1251 294 1314 onus'
316 1249 488 1315 Platonem
512 1250 624 1314 crebro
639 1250 809 1314 nominans
834 1249 1044 1314 exclamabat.

46 1339 84 1400 ll.
104 1339 244 1404 inductis
259 1339 397 1424 quadam
412 1339 631 1404 sollemnitate
646 1339 818 1424 agentibus
832 1339 873 1422 in,
890 1339 986 1420 rebus
1010 1337 1046 1409 in

42 1427 317 1493 consistorium-ut
339 1451 453 1495 aurum
477 1429 675 1513 acciperent,
698 1429 784 1494 inter
807 1427 889 1510 alios
913 1427 1045 1512 quidam

42 1537 200 1582 erearum
225 1519 399 1602 consortio,
421 1541 488 1582 non
509 1522 547 1582 ut
569 1519 670 1582 moris
685 1523 735 1582 est
757 1539 859 1600 pansa
873 1516 1042 1600 chlamyde

12 1605 84 1668 used
104 1609 245 1692 utraque
268 1629 365 1672 manu
388 1612 504 1672 cauata
526 1607 677 1692 suscepit.
723 1611 757 1672 et
779 1606 958 1691 imperator
981 1604 1044 1670 ‘ra-

40 1697 112 1774 pere'
139 1696 251 1781 inquit
278 1696 356 1760 ‘non
383 1697 536 1780 accipere.
559 1697 666 1761 sciunt
696 1700 829 1782 agentes
862 1697 897 1760 in
923 1695 1020 1760 rebus
1028 1695 1045 1758 ’.

40 1784 79 1847 12.
96 1785 203 1850 aditus
216 1787 438 1869 aparentibus
452 1785 590 1870 uirginis
605 1790 727 1870 raptaa
747 1808 819 1850 eum
834 1786 890 1870 qui
903 1785 1045 1849 uiolarat

39 1875 211 1939 conuictum
236 1875 376 1960 relegari
398 1876 550 1962 decreuit.
581 1874 854 1964 hisque'indigna
877 1874 947 1958 pati
970 1895 1045 1958 que·

38 1963 187 2049 rentibus,
219 1965 305 2049 quod
329 1987 398 2032 ,non
425 1965 473 2030 sit.
495 1968 615 2050 morte
628 1964 799 2050 multatus,
831 1963 1044 2048 responderat

9 2051 180 2118 allactenus
206 2053 372 2136 ‘incusent
393 2054 468 2140 iura¹
487 2054 706 2140 clementiam,
722 2054 792 2118 sed
814 2054 1045 2138 imperatorem

37 2141 192 2208 mitissimi
203 2144 307 2208 animi
316 2144 444 2229 legibus
453 2146 620 2227 praestare
631 2143 751 2222 seueris
762 2143 869 2208 decet'.
882 2142 1045 2226 13.egrcs·

37 2254 132 2296 slu'llm
156 2255 235 2297 eum
258 2233 299 2297 ad
327 2233 564 2319 expeditionem
591 2232 700 2316 plures
728 2231 985 2316 interpellabant
1008 2235 1045 2294 ut

36 2319 116 2407 laesi,
149 2345 235 2407 quos
269 2322 443 2387 audiendos
476 2322 718 2406 prouinciarum
749 2321 931 2386 rectoribus
962 2340 1047 2383 conr·

34 2411 215 2476 nendabat:
240 2415 273 2476 et
295 2434 458 2496 reuersus,
482 2411 559 2496 quid
582 2413 711 2495 egerint
734 2409 857 2495 singuli
880 2429 1047 2493 quaerens,

7 2515 23 2552 2:
38 2498 224 2566 delictorum
233 2501 394 2566 uindictae
405 2502 547 2585 genuina
556 2501 734 2565 lenitudine
745 2499 929 2583 mitigabat.
946 2498 996 2561 14.
1007 2497 1047 2561 ad

35 2588 177 2656 ultimum
208 2591 351 2674 exceptis
379 2589 540 2673 uictoriis,
568 2611 626 2673 per
649 2613 728 2675 quas
756 2591 921 2654 uastantes
951 2608 1046 2670 saepe

35 2677 178 2744 ineolumi
215 2680 418 2745 contumacia
447 2680 606 2744 barbaros
638 2679 735 2762 fudit,
769 2677 854 2763 quod
885 2675 1047 2761 profuerit

33 2767 259 2834 anhelantibus
294 2775 439 2834 extrema
472 2767 609 2852 penuria
641 2768 759 2852 Gallis,
795 2768 872 2831 hinc
908 2765 1047 2831 maxime

34 2856 139 2942 claret,
164 2859 256 2944 quod
278 2859 429 2942 primitus
452 2861 562 2942 partes
587 2879 640 2922 eas
663 2859 830 2942 ingressus
853 2878 912 2940 pro
936 2854 1049 2938 capiti-

8 2985 9 2990 κ
35 2945 83 3010 bus
116 2947 264 3034 singulis
296 2947 415 3013 tributi
450 2947 581 3011 nomine
615 2949 746 3014 uicenos
780 2945 895 3030 quinos
933 2963 1046 3008 aureos

32 3038 169 3119 repperit
194 3037 349 3122 flagitari,
373 3033 538 3102 discedens
561 3057 640 3102 uero
664 3039 814 3120 septenos
838 3038 968 3100 tanturn
981 3053 1049 3097 mu·

94 3279 109 3327 5
128 3274 289 3328 correxerit
305 3273 441 3345 Eysscab.
469 3273 591 3328 correxit
608 3274 685 3330 codd.
754 3271 928 3328 liberalitate
944 3271 1000 3336 scri
1019 3268 1042 3324 sl

31 3341 158 3398 libertate
179 3343 261 3398 codd.
315 3341 496 3412 Spyricham
517 3341 745 3420 prrricamlJ
784 3343 901 3396 duetus
921 3285 1040 3394 Gnelul

38 3409 80 3462 l'P
114 3417 148 3468 10
163 3409 266 3466 Oicad
283 3411 369 3466 Attia
392 3411 460 3465 1⁷15
497 3409 668 3465 manducas
688 3409 971 3464 G1nduaececeius
992 3404 1045 3458 VP

34 3477 146 3534 ⁴ollenni
166 3479 230 3549 [dac.
242 3485 260 3533 ’ἴ
272 3479 335 3549 aa]
353 3478 503 3550 agentibus
522 3478 547 3533 G
565 3479 694 3534 sollemni
708 3478 798 3548 [laci
810 3477 873 3547 litt]
890 3491 976 3551 agens
991 3469 1046 3528 VP

34 3553 59 3598 17
76 3547 195 3602 audibis
218 3547 244 3599 V
292 3551 323 3600 21
342 3547 447 3602 seueris
464 3545 644 3604 Kellerbauer
662 3547 762 3600 ceteris
780 3545 857 3600 codd.
894 3542 1046 3617 ,cafitmer-

32 3614 177 3679 pellabant
210 3615 235 3668 G
262 3613 446 3684 interpellant
470 3613 557 3670 VPba
624 3621 657 3668 26
680 3631 752 3684 quas
778 3614 859 3667 uasta
880 3613 1049 3686 beappo-gipsi

33 3699 97 3741 ηυδε
115 3683 257 3738 cadentes
276 3683 351 3739 codd.
409 3689 442 3738 29
460 3683 600 3756 capitibus
617 3685 644 3738 A
662 3629 917 3754 capitulisdffdg
941 3682 1030 3754 ml{254

852 3779 867 3822 b
