<?xml version="1.0" encoding="UTF-8"?>
<!DOCTYPE html PUBLIC "-//W3C//DTD XHTML 1.0 Transitional//EN"
    "http://www.w3.org/TR/xhtml1/DTD/xhtml1-transitional.dtd">
<html xmlns="http://www.w3.org/1999/xhtml" xml:lang="en" lang="en">
 <head>
  <title>
</title>
<meta http-equiv="Content-Type" content="text/html;charset=utf-8" />
  <meta name='ocr-system' content='tesseract 3.04.00' />
  <meta name='ocr-capabilities' content='ocr_page ocr_carea ocr_par ocr_line ocrx_word'/>
</head>
<body>
  <div class='ocr_page' id='page_1' title='image "ammianimarcelli01marcgoog_0042.png"; bbox 0 0 2530 3922; ppageno 0'>
   <div class='ocr_carea' id='block_1_1' title="bbox 298 189 1080 257">
    <p class='ocr_par' dir='ltr' id='par_1_1' title="bbox 298 189 1080 257">
     <span class='ocr_line' id='line_1_1' title="bbox 298 189 1080 257; baseline 0.004 -12"><span class='ocrx_word' id='word_1_1' title='bbox 298 189 554 248; x_wconf 83' lang='lat' dir='ltr'><strong>CONSTANTIVS</strong></span> <span class='ocrx_word' id='word_1_2' title='bbox 571 189 617 247; x_wconf 83' lang='grc' dir='ltr'><strong>ΕΤ</strong></span> <span class='ocrx_word' id='word_1_3' title='bbox 636 190 777 248; x_wconf 81' lang='lat' dir='ltr'><strong>GALLVS</strong></span> <span class='ocrx_word' id='word_1_4' title='bbox 797 198 846 247; x_wconf 85' lang='lat'><strong>353</strong></span> <span class='ocrx_word' id='word_1_5' title='bbox 996 239 999 246; x_wconf 96' lang='lat'><em>.</em></span> <span class='ocrx_word' id='word_1_6' title='bbox 1058 195 1080 257; x_wconf 87' lang='lat'>9</span> 
     </span>
    </p>
   </div>
   <div class='ocr_carea' id='block_1_2' title="bbox 30 334 1143 3185">
    <p class='ocr_par' dir='ltr' id='par_1_2' title="bbox 30 334 1143 3185">
     <span class='ocr_line' id='line_1_2' title="bbox 80 334 1080 421; baseline 0.004 -23"><span class='ocrx_word' id='word_1_7' title='bbox 80 335 153 414; x_wconf 79' lang='lat' dir='ltr'><strong>seruc</strong></span> <span class='ocrx_word' id='word_1_8' title='bbox 172 334 255 399; x_wconf 84' lang='lat' dir='ltr'><strong>fame</strong></span> <span class='ocrx_word' id='word_1_9' title='bbox 277 336 419 400; x_wconf 87' lang='lat' dir='ltr'><strong>monitae</strong></span> <span class='ocrx_word' id='word_1_10' title='bbox 442 337 631 421; x_wconf 88' lang='lat' dir='ltr'><strong>plerumque</strong></span> <span class='ocrx_word' id='word_1_11' title='bbox 654 337 787 401; x_wconf 90' lang='lat' dir='ltr'><strong>adeum</strong></span> <span class='ocrx_word' id='word_1_12' title='bbox 810 337 918 402; x_wconf 90' lang='lat' dir='ltr'><strong>locum</strong></span> <span class='ocrx_word' id='word_1_13' title='bbox 940 337 998 400; x_wconf 94' lang='lat' dir='ltr'><strong>ubi</strong></span> <span class='ocrx_word' id='word_1_14' title='bbox 1021 338 1080 402; x_wconf 88' lang='lat' dir='ltr'><strong>ali-</strong></span> 
     </span>
     <span class='ocr_line' id='line_1_3' title="bbox 82 425 1080 510; baseline 0.002 -22"><span class='ocrx_word' id='word_1_15' title='bbox 82 425 193 507; x_wconf 88' lang='lat' dir='ltr'><strong>qnando</strong></span> <span class='ocrx_word' id='word_1_16' title='bbox 219 428 334 508; x_wconf 87' lang='lat' dir='ltr'><strong>pastae</strong></span> <span class='ocrx_word' id='word_1_17' title='bbox 363 429 439 490; x_wconf 91' lang='lat' dir='ltr'><strong>sunt</strong></span> <span class='ocrx_word' id='word_1_18' title='bbox 469 429 688 510; x_wconf 88' lang='lat' dir='ltr'><strong>reuertuntur,</strong></span> <span class='ocrx_word' id='word_1_19' title='bbox 720 427 768 490; x_wconf 85' lang='lat' dir='ltr'><strong>ita</strong></span> <span class='ocrx_word' id='word_1_20' title='bbox 795 425 945 490; x_wconf 91' lang='lat' dir='ltr'><strong>homines</strong></span> <span class='ocrx_word' id='word_1_21' title='bbox 973 425 1080 490; x_wconf 86' lang='lat' dir='ltr'><strong>instar</strong></span> 
     </span>
     <span class='ocr_line' id='line_1_4' title="bbox 79 513 1078 600; baseline 0.004 -24"><span class='ocrx_word' id='word_1_22' title='bbox 79 513 203 577; x_wconf 73' lang='lat' dir='ltr'><strong>turbinis</strong></span> <span class='ocrx_word' id='word_1_23' title='bbox 230 514 376 598; x_wconf 80' lang='lat' dir='ltr'><strong>degressi</strong></span> <span class='ocrx_word' id='word_1_24' title='bbox 407 515 573 580; x_wconf 91' lang='lat' dir='ltr'><strong>montibus</strong></span> <span class='ocrx_word' id='word_1_25' title='bbox 605 515 770 600; x_wconf 89' lang='lat' dir='ltr'><strong>impeditis</strong></span> <span class='ocrx_word' id='word_1_26' title='bbox 799 519 831 579; x_wconf 91' lang='lat' dir='ltr'><strong>et</strong></span> <span class='ocrx_word' id='word_1_27' title='bbox 863 514 972 580; x_wconf 81' lang='lat' dir='ltr'><strong>arduis</strong></span> <span class='ocrx_word' id='word_1_28' title='bbox 1005 515 1078 580; x_wconf 89' lang='lat' dir='ltr'><strong>loea</strong></span> 
     </span>
     <span class='ocr_line' id='line_1_5' title="bbox 79 603 1079 689; baseline 0.001 -23"><span class='ocrx_word' id='word_1_29' title='bbox 79 603 207 685; x_wconf 76' lang='lat' dir='ltr'><strong>petinere</strong></span> <span class='ocrx_word' id='word_1_30' title='bbox 233 604 318 668; x_wconf 93' lang='lat' dir='ltr'><strong>mari</strong></span> <span class='ocrx_word' id='word_1_31' title='bbox 346 604 498 688; x_wconf 87' lang='lat' dir='ltr'><strong>confinia,</strong></span> <span class='ocrx_word' id='word_1_32' title='bbox 525 627 584 689; x_wconf 90' lang='lat' dir='ltr'><strong>per</strong></span> <span class='ocrx_word' id='word_1_33' title='bbox 607 627 688 689; x_wconf 90' lang='lat' dir='ltr'><strong>quae</strong></span> <span class='ocrx_word' id='word_1_34' title='bbox 715 605 778 669; x_wconf 90' lang='lat' dir='ltr'><strong>niis</strong></span> <span class='ocrx_word' id='word_1_35' title='bbox 806 604 981 670; x_wconf 71' lang='lat' dir='ltr'><strong>latebrosis</strong></span> <span class='ocrx_word' id='word_1_36' title='bbox 1007 625 1079 667; x_wconf 90' lang='lat' dir='ltr'><strong>sese</strong></span> 
     </span>
     <span class='ocr_line' id='line_1_6' title="bbox 59 692 1076 778; baseline 0.002 -24"><span class='ocrx_word' id='word_1_37' title='bbox 59 692 330 778; x_wconf 78' lang='lat' dir='ltr'><strong>seonnallibusqne</strong></span> <span class='ocrx_word' id='word_1_38' title='bbox 354 694 554 758; x_wconf 78' lang='lat' dir='ltr'><strong>occultantes</strong></span> <span class='ocrx_word' id='word_1_39' title='bbox 579 716 651 758; x_wconf 91' lang='lat' dir='ltr'><strong>cum</strong></span> <span class='ocrx_word' id='word_1_40' title='bbox 679 697 869 778; x_wconf 88' lang='lat' dir='ltr'><strong>appeterent</strong></span> <span class='ocrx_word' id='word_1_41' title='bbox 898 696 1009 758; x_wconf 88' lang='lat' dir='ltr'><strong>noctes</strong></span> <span class='ocrx_word' id='word_1_42' title='bbox 1034 730 1076 738; x_wconf 94' lang='lat'><em>-</em></span> 
     </span>
     <span class='ocr_line' id='line_1_7' title="bbox 30 781 1078 867; baseline 0.002 -23"><span class='ocrx_word' id='word_1_43' title='bbox 30 825 34 831; x_wconf 91' lang='lat'>-</span> <span class='ocrx_word' id='word_1_44' title='bbox 78 781 143 845; x_wconf 87' lang='lat' dir='ltr'><strong>luna</strong></span> <span class='ocrx_word' id='word_1_45' title='bbox 164 781 262 846; x_wconf 92' lang='lat' dir='ltr'><strong>etiam</strong></span> <span class='ocrx_word' id='word_1_46' title='bbox 284 784 356 846; x_wconf 91' lang='lat' dir='ltr'><strong>tum</strong></span> <span class='ocrx_word' id='word_1_47' title='bbox 379 787 514 848; x_wconf 88' lang='lat' dir='ltr'><strong>comuta</strong></span> <span class='ocrx_word' id='word_1_48' title='bbox 537 783 671 867; x_wconf 90' lang='lat' dir='ltr'><strong>ideoque</strong></span> <span class='ocrx_word' id='word_1_49' title='bbox 685 783 828 848; x_wconf 92' lang='lat' dir='ltr'><strong>nondum</strong></span> <span class='ocrx_word' id='word_1_50' title='bbox 843 782 947 848; x_wconf 90' lang='lat' dir='ltr'><strong>solido</strong></span> <span class='ocrx_word' id='word_1_51' title='bbox 972 782 1078 865; x_wconf 86' lang='lat' dir='ltr'><strong>splen-</strong></span> 
     </span>
     <span class='ocr_line' id='line_1_8' title="bbox 79 870 1078 956; baseline 0.003 -24"><span class='ocrx_word' id='word_1_52' title='bbox 79 870 141 933; x_wconf 91' lang='lat' dir='ltr'><strong>dore</strong></span> <span class='ocrx_word' id='word_1_53' title='bbox 161 870 306 954; x_wconf 76' lang='lat' dir='ltr'><strong>fulgente</strong></span> <span class='ocrx_word' id='word_1_54' title='bbox 330 909 372 918; x_wconf 85' lang='lat'>-</span> <span class='ocrx_word' id='word_1_55' title='bbox 395 873 543 938; x_wconf 87' lang='lat' dir='ltr'><strong>nauticos</strong></span> <span class='ocrx_word' id='word_1_56' title='bbox 568 873 795 937; x_wconf 85' lang='lat' dir='ltr'><strong>obseruabant.</strong></span> <span class='ocrx_word' id='word_1_57' title='bbox 842 893 922 956; x_wconf 89' lang='lat' dir='ltr'><strong>quos</strong></span> <span class='ocrx_word' id='word_1_58' title='bbox 947 893 1019 935; x_wconf 89' lang='lat' dir='ltr'><strong>enm</strong></span> <span class='ocrx_word' id='word_1_59' title='bbox 1042 872 1078 935; x_wconf 92' lang='lat' dir='ltr'><strong>in</strong></span> 
     </span>
     <span class='ocr_line' id='line_1_9' title="bbox 79 960 1077 1045; baseline 0.001 -23"><span class='ocrx_word' id='word_1_60' title='bbox 79 981 208 1024; x_wconf 88' lang='lat' dir='ltr'><strong>somnum</strong></span> <span class='ocrx_word' id='word_1_61' title='bbox 236 961 397 1028; x_wconf 86' lang='lat' dir='ltr'><strong>sentirent</strong></span> <span class='ocrx_word' id='word_1_62' title='bbox 430 963 547 1028; x_wconf 82' lang='lat' dir='ltr'><strong>effirsos</strong></span> <span class='ocrx_word' id='word_1_63' title='bbox 578 984 637 1045; x_wconf 90' lang='lat' dir='ltr'><strong>per</strong></span> <span class='ocrx_word' id='word_1_64' title='bbox 664 962 842 1045; x_wconf 81' lang='lat' dir='ltr'><strong>ancoralia,</strong></span> <span class='ocrx_word' id='word_1_65' title='bbox 870 960 1077 1045; x_wconf 90' lang='lat' dir='ltr'><strong>quadrupedo</strong></span> 
     </span>
     <span class='ocr_line' id='line_1_10' title="bbox 78 1049 1094 1135; baseline 0 -23"><span class='ocrx_word' id='word_1_66' title='bbox 78 1049 164 1130; x_wconf 81' lang='lat' dir='ltr'><strong>gradu</strong></span> <span class='ocrx_word' id='word_1_67' title='bbox 185 1054 336 1134; x_wconf 89' lang='lat' dir='ltr'><strong>repentes</strong></span> <span class='ocrx_word' id='word_1_68' title='bbox 361 1073 494 1135; x_wconf 82' lang='lat' dir='ltr'><strong>seseque</strong></span> <span class='ocrx_word' id='word_1_69' title='bbox 518 1051 683 1135; x_wconf 83' lang='lat' dir='ltr'><strong>suspensis</strong></span> <span class='ocrx_word' id='word_1_70' title='bbox 707 1052 858 1135; x_wconf 88' lang='lat' dir='ltr'><strong>passibus</strong></span> <span class='ocrx_word' id='word_1_71' title='bbox 882 1049 1094 1122; x_wconf 84' lang='lat' dir='ltr'><strong>iniectantes</strong></span> 
     </span>
     <span class='ocr_line' id='line_1_11' title="bbox 51 1137 1077 1224; baseline 0.002 -24"><span class='ocrx_word' id='word_1_72' title='bbox 51 1163 67 1200; x_wconf 84' lang='lat' dir='ltr'><strong>u</strong></span> <span class='ocrx_word' id='word_1_73' title='bbox 78 1138 105 1200; x_wconf 91' lang='lat' dir='ltr'><strong>in</strong></span> <span class='ocrx_word' id='word_1_74' title='bbox 116 1137 246 1222; x_wconf 87' lang='lat' dir='ltr'><strong>scaphas</strong></span> <span class='ocrx_word' id='word_1_75' title='bbox 271 1140 393 1206; x_wconf 85' lang='lat' dir='ltr'><strong>eisdem</strong></span> <span class='ocrx_word' id='word_1_76' title='bbox 408 1140 528 1206; x_wconf 91' lang='lat' dir='ltr'><strong>sensim</strong></span> <span class='ocrx_word' id='word_1_77' title='bbox 550 1141 633 1206; x_wconf 85' lang='lat' dir='ltr'><strong>nihil</strong></span> <span class='ocrx_word' id='word_1_78' title='bbox 648 1141 857 1224; x_wconf 85' lang='lat' dir='ltr'><strong>opinantibus</strong></span> <span class='ocrx_word' id='word_1_79' title='bbox 873 1139 1077 1206; x_wconf 85' lang='lat' dir='ltr'><strong>adsistebant</strong></span> 
     </span>
     <span class='ocr_line' id='line_1_12' title="bbox 78 1227 1076 1312; baseline 0.002 -23"><span class='ocrx_word' id='word_1_80' title='bbox 78 1231 103 1290; x_wconf 85' lang='lat' dir='ltr'><strong>et</strong></span> <span class='ocrx_word' id='word_1_81' title='bbox 121 1227 307 1294; x_wconf 86' lang='lat' dir='ltr'><strong>incendente</strong></span> <span class='ocrx_word' id='word_1_82' title='bbox 331 1229 488 1294; x_wconf 88' lang='lat' dir='ltr'><strong>auiditate</strong></span> <span class='ocrx_word' id='word_1_83' title='bbox 503 1230 676 1294; x_wconf 90' lang='lat' dir='ltr'><strong>saeuitiam</strong></span> <span class='ocrx_word' id='word_1_84' title='bbox 694 1252 734 1294; x_wconf 93' lang='lat' dir='ltr'><strong>ne</strong></span> <span class='ocrx_word' id='word_1_85' title='bbox 750 1229 931 1295; x_wconf 90' lang='lat' dir='ltr'><strong>cedentium</strong></span> <span class='ocrx_word' id='word_1_86' title='bbox 946 1227 1076 1312; x_wconf 90' lang='lat' dir='ltr'><strong>quidem</strong></span> 
     </span>
     <span class='ocr_line' id='line_1_13' title="bbox 76 1315 1075 1402; baseline 0 -23"><span class='ocrx_word' id='word_1_87' title='bbox 76 1315 124 1380; x_wconf 93' lang='lat' dir='ltr'><strong>ulli</strong></span> <span class='ocrx_word' id='word_1_88' title='bbox 144 1319 305 1402; x_wconf 86' lang='lat' dir='ltr'><strong>parcendo</strong></span> <span class='ocrx_word' id='word_1_89' title='bbox 320 1319 522 1384; x_wconf 87' lang='lat' dir='ltr'><strong>obtruncatis</strong></span> <span class='ocrx_word' id='word_1_90' title='bbox 542 1319 691 1384; x_wconf 93' lang='lat' dir='ltr'><strong>omnibns</strong></span> <span class='ocrx_word' id='word_1_91' title='bbox 705 1341 828 1384; x_wconf 88' lang='lat' dir='ltr'><strong>merces</strong></span> <span class='ocrx_word' id='word_1_92' title='bbox 844 1318 969 1402; x_wconf 89' lang='lat' dir='ltr'><strong>opimas</strong></span> <span class='ocrx_word' id='word_1_93' title='bbox 983 1317 1075 1381; x_wconf 90' lang='lat' dir='ltr'><strong>uelut</strong></span> 
     </span>
     <span class='ocr_line' id='line_1_14' title="bbox 76 1406 1077 1492; baseline 0.001 -24"><span class='ocrx_word' id='word_1_94' title='bbox 76 1406 143 1469; x_wconf 87' lang='lat' dir='ltr'><strong>uiles</strong></span> <span class='ocrx_word' id='word_1_95' title='bbox 168 1407 268 1472; x_wconf 89' lang='lat' dir='ltr'><strong>nullis</strong></span> <span class='ocrx_word' id='word_1_96' title='bbox 295 1408 552 1492; x_wconf 82' lang='lat' dir='ltr'><strong>repugnantibus</strong></span> <span class='ocrx_word' id='word_1_97' title='bbox 585 1409 785 1473; x_wconf 86' lang='lat' dir='ltr'><strong>auertebant.</strong></span> <span class='ocrx_word' id='word_1_98' title='bbox 834 1406 978 1490; x_wconf 89' lang='lat' dir='ltr'><strong>haecque</strong></span> <span class='ocrx_word' id='word_1_99' title='bbox 1009 1428 1077 1470; x_wconf 92' lang='lat' dir='ltr'><strong>non</strong></span> 
     </span>
     <span class='ocr_line' id='line_1_15' title="bbox 76 1493 1077 1581; baseline 0.001 -25"><span class='ocrx_word' id='word_1_100' title='bbox 76 1493 119 1558; x_wconf 91' lang='lat' dir='ltr'><strong>din</strong></span> <span class='ocrx_word' id='word_1_101' title='bbox 128 1499 198 1561; x_wconf 85' lang='lat' dir='ltr'><strong>sunt</strong></span> <span class='ocrx_word' id='word_1_102' title='bbox 206 1500 407 1580; x_wconf 86' lang='lat' dir='ltr'><strong>perpetrata.</strong></span> <span class='ocrx_word' id='word_1_103' title='bbox 422 1498 452 1563; x_wconf 86' lang='lat'><strong>3.</strong></span> <span class='ocrx_word' id='word_1_104' title='bbox 463 1497 602 1581; x_wconf 78' lang='lat' dir='ltr'><strong>cognitis</strong></span> <span class='ocrx_word' id='word_1_105' title='bbox 614 1498 700 1562; x_wconf 91' lang='lat' dir='ltr'><strong>enim</strong></span> <span class='ocrx_word' id='word_1_106' title='bbox 709 1497 887 1581; x_wconf 91' lang='lat' dir='ltr'><strong>pilatorum</strong></span> <span class='ocrx_word' id='word_1_107' title='bbox 897 1516 1077 1559; x_wconf 91' lang='lat' dir='ltr'><strong>caesorum·</strong></span> 
     </span>
     <span class='ocr_line' id='line_1_16' title="bbox 49 1583 1143 1667; baseline 0.001 -24"><span class='ocrx_word' id='word_1_108' title='bbox 49 1605 124 1665; x_wconf 80' lang='lat' dir='ltr'><strong>uque</strong></span> <span class='ocrx_word' id='word_1_109' title='bbox 149 1584 316 1650; x_wconf 85' lang='lat' dir='ltr'><strong>fiuneribus</strong></span> <span class='ocrx_word' id='word_1_110' title='bbox 344 1609 438 1652; x_wconf 92' lang='lat' dir='ltr'><strong>nemo</strong></span> <span class='ocrx_word' id='word_1_111' title='bbox 466 1587 580 1652; x_wconf 89' lang='lat' dir='ltr'><strong>deinde</strong></span> <span class='ocrx_word' id='word_1_112' title='bbox 609 1587 649 1651; x_wconf 89' lang='lat' dir='ltr'><strong>ad</strong></span> <span class='ocrx_word' id='word_1_113' title='bbox 675 1587 736 1652; x_wconf 89' lang='lat' dir='ltr'><strong>has</strong></span> <span class='ocrx_word' id='word_1_114' title='bbox 765 1585 923 1650; x_wconf 86' lang='lat' dir='ltr'><strong>stationes</strong></span> <span class='ocrx_word' id='word_1_115' title='bbox 948 1583 1075 1667; x_wconf 89' lang='lat' dir='ltr'><strong>appulit</strong></span> <span class='ocrx_word' id='word_1_116' title='bbox 1139 1637 1143 1644; x_wconf 90' lang='lat'>.</span> 
     </span>
     <span class='ocr_line' id='line_1_17' title="bbox 75 1673 1073 1760; baseline 0.002 -26"><span class='ocrx_word' id='word_1_117' title='bbox 75 1693 181 1758; x_wconf 86' lang='lat' dir='ltr'><strong>navem,</strong></span> <span class='ocrx_word' id='word_1_118' title='bbox 212 1676 270 1740; x_wconf 90' lang='lat' dir='ltr'><strong>sed</strong></span> <span class='ocrx_word' id='word_1_119' title='bbox 304 1679 341 1740; x_wconf 89' lang='lat' dir='ltr'><strong>ut</strong></span> <span class='ocrx_word' id='word_1_120' title='bbox 365 1676 507 1742; x_wconf 85' lang='lat' dir='ltr'><strong>Scironis</strong></span> <span class='ocrx_word' id='word_1_121' title='bbox 529 1679 706 1760; x_wconf 89' lang='lat' dir='ltr'><strong>praerupta</strong></span> <span class='ocrx_word' id='word_1_122' title='bbox 733 1675 847 1740; x_wconf 90' lang='lat' dir='ltr'><strong>letalia</strong></span> <span class='ocrx_word' id='word_1_123' title='bbox 874 1673 1073 1738; x_wconf 90' lang='lat' dir='ltr'><strong>declinantes</strong></span> 
     </span>
     <span class='ocr_line' id='line_1_18' title="bbox 75 1761 1074 1850; baseline 0.002 -27"><span class='ocrx_word' id='word_1_124' title='bbox 75 1761 206 1828; x_wconf 88' lang='lat' dir='ltr'><strong>litoribus</strong></span> <span class='ocrx_word' id='word_1_125' title='bbox 236 1763 368 1848; x_wconf 80' lang='lat' dir='ltr'><strong>Cypriis</strong></span> <span class='ocrx_word' id='word_1_126' title='bbox 398 1765 544 1850; x_wconf 85' lang='lat' dir='ltr'><strong>contigui</strong></span> <span class='ocrx_word' id='word_1_127' title='bbox 574 1765 790 1849; x_wconf 86' lang='lat' dir='ltr'><strong>nauigabant,</strong></span> <span class='ocrx_word' id='word_1_128' title='bbox 818 1785 900 1848; x_wconf 88' lang='lat' dir='ltr'><strong>quae</strong></span> <span class='ocrx_word' id='word_1_129' title='bbox 928 1761 1074 1827; x_wconf 89' lang='lat' dir='ltr'><strong>Isauriae</strong></span> 
     </span>
     <span class='ocr_line' id='line_1_19' title="bbox 75 1853 1076 1938; baseline 0.001 -26"><span class='ocrx_word' id='word_1_130' title='bbox 75 1853 196 1936; x_wconf 88' lang='lat' dir='ltr'><strong>scopulis</strong></span> <span class='ocrx_word' id='word_1_131' title='bbox 211 1857 292 1918; x_wconf 90' lang='lat' dir='ltr'><strong>sunt</strong></span> <span class='ocrx_word' id='word_1_132' title='bbox 302 1858 520 1919; x_wconf 80' lang='lat' dir='ltr'><strong>controuerso.</strong></span> <span class='ocrx_word' id='word_1_133' title='bbox 543 1853 573 1918; x_wconf 87' lang='lat'><strong>4.</strong></span> <span class='ocrx_word' id='word_1_134' title='bbox 582 1854 776 1938; x_wconf 86' lang='lat' dir='ltr'><strong>procedente</strong></span> <span class='ocrx_word' id='word_1_135' title='bbox 790 1854 892 1937; x_wconf 85' lang='lat' dir='ltr'><strong>igitur</strong></span> <span class='ocrx_word' id='word_1_136' title='bbox 905 1873 982 1916; x_wconf 86' lang='lat' dir='ltr'><strong>mox</strong></span> <span class='ocrx_word' id='word_1_137' title='bbox 995 1854 1076 1914; x_wconf 92' lang='lat' dir='ltr'><strong>tem-</strong></span> 
     </span>
     <span class='ocr_line' id='line_1_20' title="bbox 74 1941 1075 2026; baseline 0.001 -23"><span class='ocrx_word' id='word_1_138' title='bbox 74 1961 135 2020; x_wconf 89' lang='lat' dir='ltr'><strong>pore</strong></span> <span class='ocrx_word' id='word_1_139' title='bbox 157 1964 228 2006; x_wconf 88' lang='lat' dir='ltr'><strong>cnm</strong></span> <span class='ocrx_word' id='word_1_140' title='bbox 257 1941 478 2008; x_wconf 89' lang='lat' dir='ltr'><strong>aduenticium</strong></span> <span class='ocrx_word' id='word_1_141' title='bbox 507 1943 591 2008; x_wconf 92' lang='lat' dir='ltr'><strong>nihil</strong></span> <span class='ocrx_word' id='word_1_142' title='bbox 623 1943 837 2026; x_wconf 87' lang='lat' dir='ltr'><strong>inueniretur,</strong></span> <span class='ocrx_word' id='word_1_143' title='bbox 869 1941 984 2006; x_wconf 88' lang='lat' dir='ltr'><strong>relicta</strong></span> <span class='ocrx_word' id='word_1_144' title='bbox 1017 1961 1075 2004; x_wconf 87' lang='lat' dir='ltr'><strong>ora</strong></span> 
     </span>
     <span class='ocr_line' id='line_1_21' title="bbox 48 2029 1074 2116; baseline 0.003 -28"><span class='ocrx_word' id='word_1_145' title='bbox 48 2031 220 2097; x_wconf 85' lang='lat' dir='ltr'><strong>amaritima</strong></span> <span class='ocrx_word' id='word_1_146' title='bbox 243 2033 282 2096; x_wconf 94' lang='lat' dir='ltr'><strong>in</strong></span> <span class='ocrx_word' id='word_1_147' title='bbox 299 2032 498 2116; x_wconf 82' lang='lat' dir='ltr'><strong>Lycaoniam</strong></span> <span class='ocrx_word' id='word_1_148' title='bbox 521 2033 678 2098; x_wconf 86' lang='lat' dir='ltr'><strong>adnexam</strong></span> <span class='ocrx_word' id='word_1_149' title='bbox 701 2031 847 2097; x_wconf 81' lang='lat' dir='ltr'><strong>isauriae</strong></span> <span class='ocrx_word' id='word_1_150' title='bbox 871 2053 905 2094; x_wconf 90' lang='lat' dir='ltr'><strong>se</strong></span> <span class='ocrx_word' id='word_1_151' title='bbox 933 2029 1074 2094; x_wconf 90' lang='lat' dir='ltr'><strong>contule-</strong></span> 
     </span>
     <span class='ocr_line' id='line_1_22' title="bbox 74 2117 1073 2206; baseline 0.001 -27"><span class='ocrx_word' id='word_1_152' title='bbox 74 2122 133 2182; x_wconf 86' lang='lat' dir='ltr'><strong>runt</strong></span> <span class='ocrx_word' id='word_1_153' title='bbox 156 2121 267 2206; x_wconf 90' lang='lat' dir='ltr'><strong>ibique</strong></span> <span class='ocrx_word' id='word_1_154' title='bbox 292 2121 399 2186; x_wconf 89' lang='lat' dir='ltr'><strong>densis</strong></span> <span class='ocrx_word' id='word_1_155' title='bbox 422 2123 692 2206; x_wconf 87' lang='lat' dir='ltr'><strong>intersaepientes</strong></span> <span class='ocrx_word' id='word_1_156' title='bbox 715 2121 834 2186; x_wconf 86' lang='lat' dir='ltr'><strong>itinera</strong></span> <span class='ocrx_word' id='word_1_157' title='bbox 856 2117 1073 2205; x_wconf 87' lang='lat' dir='ltr'><strong>praetenturis</strong></span> 
     </span>
     <span class='ocr_line' id='line_1_23' title="bbox 74 2207 1075 2295; baseline 0.002 -27"><span class='ocrx_word' id='word_1_158' title='bbox 74 2209 308 2286; x_wconf 79' lang='lat' dir='ltr'><strong>prouincialium</strong></span> <span class='ocrx_word' id='word_1_159' title='bbox 332 2215 364 2276; x_wconf 93' lang='lat' dir='ltr'><strong>et</strong></span> <span class='ocrx_word' id='word_1_160' title='bbox 386 2211 550 2276; x_wconf 89' lang='lat' dir='ltr'><strong>uiatorum</strong></span> <span class='ocrx_word' id='word_1_161' title='bbox 565 2211 680 2295; x_wconf 89' lang='lat' dir='ltr'><strong>opibus</strong></span> <span class='ocrx_word' id='word_1_162' title='bbox 703 2211 929 2294; x_wconf 88' lang='lat' dir='ltr'><strong>pascebantur.</strong></span> <span class='ocrx_word' id='word_1_163' title='bbox 975 2207 1005 2272; x_wconf 87' lang='lat'><strong>5.</strong></span> <span class='ocrx_word' id='word_1_164' title='bbox 1023 2228 1075 2270; x_wconf 86' lang='lat' dir='ltr'><strong>ex-</strong></span> 
     </span>
     <span class='ocr_line' id='line_1_24' title="bbox 75 2295 1073 2384; baseline 0 -27"><span class='ocrx_word' id='word_1_165' title='bbox 75 2295 171 2362; x_wconf 81' lang='lat' dir='ltr'><strong>citauit</strong></span> <span class='ocrx_word' id='word_1_166' title='bbox 193 2299 248 2364; x_wconf 91' lang='lat' dir='ltr'><strong>hic</strong></span> <span class='ocrx_word' id='word_1_167' title='bbox 275 2300 372 2370; x_wconf 88' lang='lat' dir='ltr'><strong>ardor</strong></span> <span class='ocrx_word' id='word_1_168' title='bbox 393 2299 516 2365; x_wconf 90' lang='lat' dir='ltr'><strong>milites</strong></span> <span class='ocrx_word' id='word_1_169' title='bbox 539 2322 598 2384; x_wconf 90' lang='lat' dir='ltr'><strong>per</strong></span> <span class='ocrx_word' id='word_1_170' title='bbox 617 2300 794 2383; x_wconf 86' lang='lat' dir='ltr'><strong>municipia</strong></span> <span class='ocrx_word' id='word_1_171' title='bbox 816 2298 966 2383; x_wconf 88' lang='lat' dir='ltr'><strong>plurima,</strong></span> <span class='ocrx_word' id='word_1_172' title='bbox 991 2317 1073 2379; x_wconf 88' lang='lat' dir='ltr'><strong>quae</strong></span> 
     </span>
     <span class='ocr_line' id='line_1_25' title="bbox 74 2383 1075 2473; baseline 0 -27"><span class='ocrx_word' id='word_1_173' title='bbox 74 2383 158 2451; x_wconf 87' lang='lat' dir='ltr'><strong>isdem</strong></span> <span class='ocrx_word' id='word_1_174' title='bbox 180 2389 431 2473; x_wconf 78' lang='lat' dir='ltr'><strong>conterminant,</strong></span> <span class='ocrx_word' id='word_1_175' title='bbox 454 2389 629 2473; x_wconf 89' lang='lat' dir='ltr'><strong>dispositos</strong></span> <span class='ocrx_word' id='word_1_176' title='bbox 658 2392 691 2454; x_wconf 93' lang='lat' dir='ltr'><strong>et</strong></span> <span class='ocrx_word' id='word_1_177' title='bbox 718 2387 868 2470; x_wconf 89' lang='lat' dir='ltr'><strong>castella,</strong></span> <span class='ocrx_word' id='word_1_178' title='bbox 901 2385 957 2450; x_wconf 91' lang='lat' dir='ltr'><strong>sed</strong></span> <span class='ocrx_word' id='word_1_179' title='bbox 989 2383 1075 2467; x_wconf 93' lang='lat' dir='ltr'><strong>quis-</strong></span> 
     </span>
     <span class='ocr_line' id='line_1_26' title="bbox 49 2472 1075 2562; baseline -0.001 -25"><span class='ocrx_word' id='word_1_180' title='bbox 49 2494 121 2554; x_wconf 73' lang='lat' dir='ltr'><strong>uqus</strong></span> <span class='ocrx_word' id='word_1_181' title='bbox 150 2481 316 2561; x_wconf 87' lang='lat' dir='ltr'><strong>serpentes</strong></span> <span class='ocrx_word' id='word_1_182' title='bbox 349 2478 448 2542; x_wconf 88' lang='lat' dir='ltr'><strong>latius</strong></span> <span class='ocrx_word' id='word_1_183' title='bbox 481 2501 540 2562; x_wconf 91' lang='lat' dir='ltr'><strong>pro</strong></span> <span class='ocrx_word' id='word_1_184' title='bbox 573 2478 697 2551; x_wconf 88' lang='lat' dir='ltr'><strong>uiribus</strong></span> <span class='ocrx_word' id='word_1_185' title='bbox 734 2476 890 2560; x_wconf 89' lang='lat' dir='ltr'><strong>repellere</strong></span> <span class='ocrx_word' id='word_1_186' title='bbox 917 2472 1075 2555; x_wconf 79' lang='lat' dir='ltr'><strong>moliens,</strong></span> 
     </span>
     <span class='ocr_line' id='line_1_27' title="bbox 74 2561 1075 2652; baseline 0.002 -29"><span class='ocrx_word' id='word_1_187' title='bbox 74 2582 141 2628; x_wconf 90' lang='lat' dir='ltr'><strong>nune</strong></span> <span class='ocrx_word' id='word_1_188' title='bbox 162 2567 273 2650; x_wconf 83' lang='lat' dir='ltr'><strong>globis</strong></span> <span class='ocrx_word' id='word_1_189' title='bbox 297 2567 474 2652; x_wconf 87' lang='lat' dir='ltr'><strong>confertos,</strong></span> <span class='ocrx_word' id='word_1_190' title='bbox 503 2567 699 2651; x_wconf 89' lang='lat' dir='ltr'><strong>aliquotiens</strong></span> <span class='ocrx_word' id='word_1_191' title='bbox 724 2571 757 2630; x_wconf 89' lang='lat' dir='ltr'><strong>et</strong></span> <span class='ocrx_word' id='word_1_192' title='bbox 779 2565 943 2649; x_wconf 90' lang='lat' dir='ltr'><strong>dispersos</strong></span> <span class='ocrx_word' id='word_1_193' title='bbox 966 2561 1075 2626; x_wconf 89' lang='lat' dir='ltr'><strong>multi-</strong></span> 
     </span>
     <span class='ocr_line' id='line_1_28' title="bbox 75 2651 1075 2741; baseline -0.001 -26"><span class='ocrx_word' id='word_1_194' title='bbox 75 2651 166 2718; x_wconf 77' lang='lat' dir='ltr'><strong>tudine</strong></span> <span class='ocrx_word' id='word_1_195' title='bbox 188 2656 405 2740; x_wconf 89' lang='lat' dir='ltr'><strong>superabatur</strong></span> <span class='ocrx_word' id='word_1_196' title='bbox 427 2657 562 2740; x_wconf 85' lang='lat' dir='ltr'><strong>ingenti,</strong></span> <span class='ocrx_word' id='word_1_197' title='bbox 586 2678 667 2741; x_wconf 89' lang='lat' dir='ltr'><strong>qnae</strong></span> <span class='ocrx_word' id='word_1_198' title='bbox 690 2659 769 2720; x_wconf 90' lang='lat' dir='ltr'><strong>nata</strong></span> <span class='ocrx_word' id='word_1_199' title='bbox 784 2658 817 2718; x_wconf 90' lang='lat' dir='ltr'><strong>et</strong></span> <span class='ocrx_word' id='word_1_200' title='bbox 840 2655 975 2718; x_wconf 87' lang='lat' dir='ltr'><strong>educata</strong></span> <span class='ocrx_word' id='word_1_201' title='bbox 988 2653 1075 2716; x_wconf 92' lang='lat' dir='ltr'><strong>inter</strong></span> 
     </span>
     <span class='ocr_line' id='line_1_29' title="bbox 75 2740 1076 2828; baseline 0.001 -26"><span class='ocrx_word' id='word_1_202' title='bbox 75 2740 159 2807; x_wconf 85' lang='lat' dir='ltr'><strong>editos</strong></span> <span class='ocrx_word' id='word_1_203' title='bbox 180 2767 399 2828; x_wconf 86' lang='lat' dir='ltr'><strong>recuruosque</strong></span> <span class='ocrx_word' id='word_1_204' title='bbox 414 2747 556 2810; x_wconf 88' lang='lat' dir='ltr'><strong>ambitus</strong></span> <span class='ocrx_word' id='word_1_205' title='bbox 580 2745 741 2810; x_wconf 93' lang='lat' dir='ltr'><strong>montium</strong></span> <span class='ocrx_word' id='word_1_206' title='bbox 756 2766 810 2809; x_wconf 90' lang='lat' dir='ltr'><strong>eos</strong></span> <span class='ocrx_word' id='word_1_207' title='bbox 824 2747 861 2808; x_wconf 92' lang='lat' dir='ltr'><strong>ut</strong></span> <span class='ocrx_word' id='word_1_208' title='bbox 883 2743 955 2807; x_wconf 89' lang='lat' dir='ltr'><strong>loca</strong></span> <span class='ocrx_word' id='word_1_209' title='bbox 975 2741 1076 2824; x_wconf 88' lang='lat' dir='ltr'><strong>plana</strong></span> 
     </span>
     <span class='ocr_line' id='line_1_30' title="bbox 74 2831 1072 2917; baseline -0.001 -25"><span class='ocrx_word' id='word_1_210' title='bbox 74 2831 216 2908; x_wconf 88' lang='lat' dir='ltr'><strong>persultat</strong></span> <span class='ocrx_word' id='word_1_211' title='bbox 240 2837 275 2898; x_wconf 89' lang='lat' dir='ltr'><strong>et</strong></span> <span class='ocrx_word' id='word_1_212' title='bbox 288 2834 412 2917; x_wconf 92' lang='lat' dir='ltr'><strong>mollia,</strong></span> <span class='ocrx_word' id='word_1_213' title='bbox 434 2833 615 2898; x_wconf 89' lang='lat' dir='ltr'><strong>missilibus</strong></span> <span class='ocrx_word' id='word_1_214' title='bbox 630 2834 746 2898; x_wconf 90' lang='lat' dir='ltr'><strong>obuios</strong></span> <span class='ocrx_word' id='word_1_215' title='bbox 761 2833 885 2897; x_wconf 90' lang='lat' dir='ltr'><strong>eminus</strong></span> <span class='ocrx_word' id='word_1_216' title='bbox 909 2831 1072 2894; x_wconf 88' lang='lat' dir='ltr'><strong>lacessens</strong></span> 
     </span>
     <span class='ocr_line' id='line_1_31' title="bbox 76 2919 1074 3006; baseline 0 -27"><span class='ocrx_word' id='word_1_217' title='bbox 76 2922 100 2980; x_wconf 88' lang='lat' dir='ltr'><strong>et</strong></span> <span class='ocrx_word' id='word_1_218' title='bbox 110 2921 231 2986; x_wconf 88' lang='lat' dir='ltr'><strong>ululatu</strong></span> <span class='ocrx_word' id='word_1_219' title='bbox 245 2923 331 2988; x_wconf 89' lang='lat' dir='ltr'><strong>truci</strong></span> <span class='ocrx_word' id='word_1_220' title='bbox 344 2927 539 3006; x_wconf 79' lang='lat' dir='ltr'><strong>perterrens.</strong></span> <span class='ocrx_word' id='word_1_221' title='bbox 581 2923 610 2988; x_wconf 88' lang='lat'><strong>6.</strong></span> <span class='ocrx_word' id='word_1_222' title='bbox 625 2922 792 3006; x_wconf 87' lang='lat' dir='ltr'><strong>coactique</strong></span> <span class='ocrx_word' id='word_1_223' title='bbox 808 2919 1002 3004; x_wconf 90' lang='lat' dir='ltr'><strong>aliquotiens</strong></span> <span class='ocrx_word' id='word_1_224' title='bbox 1016 2938 1074 2980; x_wconf 91' lang='lat' dir='ltr'><strong>no-</strong></span> 
     </span>
     <span class='ocr_line' id='line_1_32' title="bbox 75 3005 1075 3096; baseline -0.002 -25"><span class='ocrx_word' id='word_1_225' title='bbox 75 3008 121 3071; x_wconf 79' lang='lat' dir='ltr'><strong>sni</strong></span> <span class='ocrx_word' id='word_1_226' title='bbox 142 3011 266 3094; x_wconf 89' lang='lat' dir='ltr'><strong>pedites</strong></span> <span class='ocrx_word' id='word_1_227' title='bbox 281 3013 321 3077; x_wconf 91' lang='lat' dir='ltr'><strong>ad</strong></span> <span class='ocrx_word' id='word_1_228' title='bbox 345 3034 400 3076; x_wconf 89' lang='lat' dir='ltr'><strong>eos</strong></span> <span class='ocrx_word' id='word_1_229' title='bbox 423 3012 660 3096; x_wconf 87' lang='lat' dir='ltr'><strong>persequendos</strong></span> <span class='ocrx_word' id='word_1_230' title='bbox 680 3011 831 3076; x_wconf 87' lang='lat' dir='ltr'><strong>scandere</strong></span> <span class='ocrx_word' id='word_1_231' title='bbox 855 3009 955 3073; x_wconf 88' lang='lat' dir='ltr'><strong>cliuos</strong></span> <span class='ocrx_word' id='word_1_232' title='bbox 975 3005 1075 3070; x_wconf 90' lang='lat' dir='ltr'><strong>subli-</strong></span> 
     </span>
     <span class='ocr_line' id='line_1_33' title="bbox 73 3095 1074 3185; baseline 0.001 -28"><span class='ocrx_word' id='word_1_233' title='bbox 73 3116 128 3160; x_wconf 87' lang='lat' dir='ltr'><strong>mes</strong></span> <span class='ocrx_word' id='word_1_234' title='bbox 166 3101 301 3165; x_wconf 88' lang='lat' dir='ltr'><strong>tiamsi</strong></span> <span class='ocrx_word' id='word_1_235' title='bbox 328 3101 536 3185; x_wconf 88' lang='lat' dir='ltr'><strong>lapsantibus</strong></span> <span class='ocrx_word' id='word_1_236' title='bbox 563 3101 687 3184; x_wconf 88' lang='lat' dir='ltr'><strong>plantis</strong></span> <span class='ocrx_word' id='word_1_237' title='bbox 715 3099 868 3164; x_wconf 84' lang='lat' dir='ltr'><strong>fruticeta</strong></span> <span class='ocrx_word' id='word_1_238' title='bbox 890 3095 1074 3181; x_wconf 83' lang='lat' dir='ltr'><strong>prensando</strong></span> 
     </span>
    </p>
   </div>
   <div class='ocr_carea' id='block_1_3' title="bbox 73 3235 270 3253">
    <p class='ocr_par' dir='ltr' id='par_1_3' title="bbox 73 3235 270 3253">
     <span class='ocr_line' id='line_1_34' title="bbox 73 3235 270 3253; baseline 0 -1"><span class='ocrx_word' id='word_1_239' title='bbox 73 3235 270 3253; x_wconf 33' lang='lat'><strong>§.—</strong></span> 
     </span>
    </p>
   </div>
   <div class='ocr_carea' id='block_1_4' title="bbox 75 3299 1073 3518">
    <p class='ocr_par' dir='ltr' id='par_1_4' title="bbox 75 3299 1073 3518">
     <span class='ocr_line' id='line_1_35' title="bbox 130 3299 1073 3389; baseline -0.006 -17"><span class='ocrx_word' id='word_1_240' title='bbox 130 3322 142 3369; x_wconf 91' lang='lat'>1</span> <span class='ocrx_word' id='word_1_241' title='bbox 159 3317 236 3374; x_wconf 73' lang='lat' dir='ltr'><strong>ferae</strong></span> <span class='ocrx_word' id='word_1_242' title='bbox 256 3320 282 3374; x_wconf 83' lang='lat' dir='ltr'><strong>e</strong></span> <span class='ocrx_word' id='word_1_243' title='bbox 299 3335 350 3377; x_wconf 74' lang='lat' dir='ltr'><strong>om.</strong></span> <span class='ocrx_word' id='word_1_244' title='bbox 372 3319 458 3374; x_wconf 74' lang='lat' dir='ltr'><strong>Vrsa</strong></span> <span class='ocrx_word' id='word_1_245' title='bbox 479 3319 587 3374; x_wconf 72' lang='lat' dir='ltr'><strong>seuerae</strong></span> <span class='ocrx_word' id='word_1_246' title='bbox 610 3299 736 3374; x_wconf 66' lang='lat' dir='ltr'><strong>vacuans</strong></span> <span class='ocrx_word' id='word_1_247' title='bbox 760 3316 830 3384; x_wconf 73' lang='lat' dir='ltr'><strong>(coru.</strong></span> <span class='ocrx_word' id='word_1_248' title='bbox 850 3315 918 3384; x_wconf 79' lang='lat' dir='ltr'><strong>oa.)</strong></span> <span class='ocrx_word' id='word_1_249' title='bbox 990 3319 1006 3366; x_wconf 81' lang='lat' dir='ltr'><strong>u</strong></span> <span class='ocrx_word' id='word_1_250' title='bbox 1023 3311 1073 3389; x_wconf 71' lang='grc' dir='ltr'><strong>1ο-</strong></span> 
     </span>
     <span class='ocr_line' id='line_1_36' title="bbox 75 3384 1073 3506; baseline -0.003 -72"><span class='ocrx_word' id='word_1_251' title='bbox 75 3384 150 3438; x_wconf 77' lang='lat' dir='ltr'><strong>mines</strong></span> <span class='ocrx_word' id='word_1_252' title='bbox 165 3387 309 3469; x_wconf 74' lang='lat' dir='ltr'><strong>Kiessb&#39;uy</strong></span> <span class='ocrx_word' id='word_1_253' title='bbox 330 3403 427 3441; x_wconf 89' lang='lat' dir='ltr'><strong>omnes</strong></span> <span class='ocrx_word' id='word_1_254' title='bbox 449 3387 527 3444; x_wconf 80' lang='lat' dir='ltr'><strong>codd.</strong></span> <span class='ocrx_word' id='word_1_255' title='bbox 591 3393 609 3440; x_wconf 83' lang='lat'>4</span> <span class='ocrx_word' id='word_1_256' title='bbox 627 3387 698 3441; x_wconf 87' lang='lat' dir='ltr'><strong>auiis</strong></span> <span class='ocrx_word' id='word_1_257' title='bbox 715 3385 859 3506; x_wconf 40' lang='lat' dir='ltr'><strong>Recenti&amp;</strong></span> <span class='ocrx_word' id='word_1_258' title='bbox 920 3388 951 3436; x_wconf 92' lang='lat'><strong>10</strong></span> <span class='ocrx_word' id='word_1_259' title='bbox 969 3396 1073 3434; x_wconf 87' lang='lat' dir='ltr'><strong>sensrm</strong></span> 
     </span>
     <span class='ocr_line' id='line_1_37' title="bbox 75 3445 1073 3518; baseline -0.005 -14"><span class='ocrx_word' id='word_1_260' title='bbox 75 3447 196 3518; x_wconf 69' lang='lat' dir='ltr'><strong>Epami.</strong></span> <span class='ocrx_word' id='word_1_261' title='bbox 215 3471 289 3509; x_wconf 87' lang='lat' dir='ltr'><strong>emm</strong></span> <span class='ocrx_word' id='word_1_262' title='bbox 310 3455 397 3510; x_wconf 86' lang='lat' dir='ltr'><strong>VPbu</strong></span> <span class='ocrx_word' id='word_1_263' title='bbox 413 3471 464 3510; x_wconf 83' lang='lat' dir='ltr'><strong>om.</strong></span> <span class='ocrx_word' id='word_1_264' title='bbox 486 3455 512 3508; x_wconf 74' lang='lat' dir='ltr'><strong><em>G</em></strong></span> <span class='ocrx_word' id='word_1_265' title='bbox 568 3454 801 3509; x_wconf 68' lang='lat' dir='ltr'><strong>incendentium</strong></span> <span class='ocrx_word' id='word_1_266' title='bbox 851 3453 879 3506; x_wconf 95' lang='lat' dir='ltr'><strong><em>P</em></strong></span> <span class='ocrx_word' id='word_1_267' title='bbox 940 3455 971 3502; x_wconf 83' lang='lat'><strong>12</strong></span> <span class='ocrx_word' id='word_1_268' title='bbox 992 3445 1073 3502; x_wconf 83' lang='lat' dir='ltr'><strong>uelut</strong></span> 
     </span>
    </p>
   </div>
   <div class='ocr_carea' id='block_1_5' title="bbox 76 3514 1076 3672">
    <p class='ocr_par' dir='ltr' id='par_1_5' title="bbox 76 3514 1076 3672">
     <span class='ocr_line' id='line_1_38' title="bbox 76 3514 1076 3593; baseline 0.015 -26"><span class='ocrx_word' id='word_1_269' title='bbox 76 3517 135 3570; x_wconf 85' lang='lat' dir='ltr'><strong>uites</strong></span> <span class='ocrx_word' id='word_1_270' title='bbox 157 3521 182 3574; x_wconf 81' lang='lat' dir='ltr'><em>G</em></span> <span class='ocrx_word' id='word_1_271' title='bbox 206 3523 255 3576; x_wconf 90' lang='lat' dir='ltr'><strong>uel</strong></span> <span class='ocrx_word' id='word_1_272' title='bbox 279 3523 365 3578; x_wconf 86' lang='lat' dir='ltr'><strong>utiles</strong></span> <span class='ocrx_word' id='word_1_273' title='bbox 391 3523 478 3578; x_wconf 80' lang='lat' dir='ltr'><strong>VPuu</strong></span> <span class='ocrx_word' id='word_1_274' title='bbox 552 3527 585 3576; x_wconf 87' lang='grc'><strong>14</strong></span> <span class='ocrx_word' id='word_1_275' title='bbox 611 3523 764 3592; x_wconf 83' lang='lat' dir='ltr'><strong>pilatorum</strong></span> <span class='ocrx_word' id='word_1_276' title='bbox 794 3519 847 3574; x_wconf 79' lang='lat' dir='ltr'><strong>Vn</strong></span> <span class='ocrx_word' id='word_1_277' title='bbox 872 3517 1014 3593; x_wconf 74' lang='lat' dir='ltr'><strong>uiatornm</strong></span> <span class='ocrx_word' id='word_1_278' title='bbox 1040 3514 1076 3582; x_wconf 61' lang='lat'><strong>3²9</strong></span> 
     </span>
     <span class='ocr_line' id='line_1_39' title="bbox 77 3581 1075 3672; baseline -0.007 -32"><span class='ocrx_word' id='word_1_279' title='bbox 77 3588 101 3634; x_wconf 74' lang='lat'><strong>21</strong></span> <span class='ocrx_word' id='word_1_280' title='bbox 116 3585 330 3672; x_wconf 77' lang='lat' dir='ltr'><strong>interasipientis</strong></span> <span class='ocrx_word' id='word_1_281' title='bbox 351 3591 378 3644; x_wconf 89' lang='lat' dir='ltr'><strong><em>V</em></strong></span> <span class='ocrx_word' id='word_1_282' title='bbox 400 3591 511 3646; x_wconf 87' lang='lat' dir='ltr'><strong>interea</strong></span> <span class='ocrx_word' id='word_1_283' title='bbox 528 3590 671 3660; x_wconf 85' lang='lat' dir='ltr'><strong>sepientes</strong></span> <span class='ocrx_word' id='word_1_284' title='bbox 687 3590 715 3643; x_wconf 79' lang='lat' dir='ltr'><strong><em>A</em></strong></span> <span class='ocrx_word' id='word_1_285' title='bbox 740 3589 815 3643; x_wconf 88' lang='lat' dir='ltr'><strong>inter</strong></span> <span class='ocrx_word' id='word_1_286' title='bbox 833 3583 1023 3638; x_wconf 77' lang='lat' dir='ltr'><strong>obsidentium</strong></span> <span class='ocrx_word' id='word_1_287' title='bbox 1040 3581 1075 3648; x_wconf 71' lang='lat' dir='ltr'><strong>bn</strong></span> 
     </span>
    </p>
   </div>
   <div class='ocr_carea' id='block_1_6' title="bbox 76 3653 415 3742">
    <p class='ocr_par' dir='ltr' id='par_1_6' title="bbox 76 3653 415 3742">
     <span class='ocr_line' id='line_1_40' title="bbox 76 3653 415 3742; baseline 0.041 -38"><span class='ocrx_word' id='word_1_288' title='bbox 76 3656 102 3704; x_wconf 70' lang='lat'><strong>⁸24</strong></span> <span class='ocrx_word' id='word_1_289' title='bbox 117 3653 161 3708; x_wconf 84' lang='lat' dir='ltr'><strong>sed</strong></span> <span class='ocrx_word' id='word_1_290' title='bbox 177 3673 274 3726; x_wconf 70' lang='lat' dir='ltr'><strong>reapse</strong></span> <span class='ocrx_word' id='word_1_291' title='bbox 292 3667 320 3712; x_wconf 84' lang='lat' dir='ltr'><strong>et</strong></span> <span class='ocrx_word' id='word_1_292' title='bbox 338 3658 415 3742; x_wconf 73' lang='lat' dir='ltr'><strong>cedd.</strong></span> 
     </span>
    </p>
   </div>
   <div class='ocr_carea' id='block_1_7' title="bbox 0 0 1270 3922">
    <p class='ocr_par' dir='ltr' id='par_1_7' title="bbox 0 0 1270 3922">
     <span class='ocr_line' id='line_1_41' title="bbox 0 0 1270 3922; baseline 0 0"><span class='ocrx_word' id='word_1_293' title='bbox 0 0 1270 3922; x_wconf 95' lang='lat' dir='ltr'><strong> </strong></span> 
     </span>
    </p>
   </div>
  </div>
 </body>
</html>
