2530 3922
404 187 658 244 oonsrsnrlvs
676 143 739 244 aas¹
1022 193 1064 258 57

84 330 203 395 Vrsioini
228 332 360 416 mentio,
387 336 424 397 ut
452 332 595 396 consiliis
618 333 667 398 rei
696 333 834 398 bellicae
857 337 1068 416 praestantis·

84 419 142 484 sini
165 419 338 506 frustraque
363 421 457 506 graui
484 421 603 486 iniuria
625 421 783 506 lacessiti,
811 425 844 486 et
871 444 930 505 per
952 424 1068 490 admis-

84 509 186 574 sionum
207 511 398 594 magistrum
421 547 462 558 -
487 510 542 596 qui
569 533 640 576 mos
665 517 714 576 est
737 511 929 576 honoratior
952 550 994 560 -
1019 535 1069 583 ao·

82 598 132 662 cito
160 599 276 683 eodem,
311 600 460 685 ingresso
494 600 723 665 consistorium
755 601 889 666 offertur
924 624 1069 686 purprua

64 687 164 752 inulto
178 710 269 772 quam
283 693 379 754 antea
391 689 558 778 placidius.
586 689 799 755 Diocletianus
812 692 894 755 enisa
908 691 1069 775 Augustus

82 776 200 842 ennium
229 779 352 862 primus
381 783 491 844 extero
518 779 584 844 ritu
612 784 645 842 et
676 780 768 863 regio
801 800 891 844 more
922 780 1068 846 instituit

82 865 198 950 adorari,
224 890 295 932 cunr
319 889 446 952 semper
469 873 565 934 antea
588 868 629 932 ad
656 868 903 934 similitudinem
925 869 1068 935 iudicum

82 954 213 1020 salutatos
235 958 399 1043 principes
423 957 608 1042 legerimus.
643 957 692 1022 19.
716 963 748 1022 et
772 958 828 1042 qui
849 958 947 1042 paulo
972 963 1069 1024 antea

82 1065 136 1106 eun
155 1045 362 1112 insectatione
386 1046 543 1112 maliuola
566 1047 701 1112 orientis
716 1067 839 1131 uorago
856 1047 1069 1114 inuadendae-

54 1154 126 1215 uque
150 1156 286 1201 summae
318 1138 367 1204 rei
398 1158 456 1220 per
488 1137 573 1202 filios
605 1136 784 1202 adfectator
813 1136 1069 1222 conpellabatur,

80 1227 138 1286 true
157 1223 216 1289 dux
242 1226 513 1309 prudentissimus
538 1231 570 1290 et
594 1224 801 1290 Constantini
824 1225 937 1310 Magni
960 1227 1068 1292 fuerat

81 1312 220 1378 conmilito
249 1316 403 1400 solusque
436 1315 475 1379 ad
508 1314 761 1399 extinguendum
793 1315 905 1399 probis
938 1316 1069 1399 quidem

80 1401 121 1463 sed
150 1402 312 1469 insidiosis
349 1405 530 1470 rationibus
567 1405 749 1489 petebatur.
803 1403 944 1488 diligens
982 1405 1068 1468 enim

79 1510 156 1570 opera
183 1494 365 1559 nauabatur
397 1494 544 1578 extingui
577 1492 747 1559 Siluanum
780 1497 817 1557 ut
853 1493 1069 1558 fortissimum

53 1604 68 1641 a
77 1579 259 1667 perduellem,
284 1588 340 1650 aut
364 1583 392 1648 si
416 1605 507 1648 secus
531 1583 710 1666 accidisset,
734 1582 921 1648 Vrsioinum
944 1581 1069 1647 exulce-

78 1673 163 1734 ratum
192 1671 257 1736 iam
290 1673 420 1756 penitus
453 1673 580 1740 aboleri
611 1695 652 1737 ne
685 1675 869 1756 superesset
899 1671 1068 1756 serupulus

76 1757 203 1840 inpendio
217 1761 450 1828 formidandus.
477 1762 530 1828 20.
549 1761 652 1846 igitur
666 1783 739 1826 cum
753 1761 791 1826 de
805 1760 1005 1844 profectione
1020 1783 1068 1824 ce-

77 1844 187 1913 leranda
209 1851 448 1936 disponeretur,
476 1850 757 1935 propulsationem
784 1850 986 1915 obiectorum
1010 1849 1069 1914 ori·

76 1935 176 2002 ninum
198 1941 336 2005 eundem
359 1940 471 2005 ducem
494 1943 665 2025 parantem
687 1960 897 2023 praegressus
921 1939 1068 2004 oratione

50 2023 126 2088 aloni
147 2028 300 2110 prohibet
327 2030 517 2114 imperator,
543 2051 611 2096 non
633 2029 667 2094 id
691 2051 761 2093 esse
784 2050 966 2094 memorans
989 2032 1069 2092 tenr-

76 2134 120 2193 pus
141 2121 173 2181 ut
195 2125 407 2184 controuersa
429 2118 573 2186 defensio
598 2119 712 2183 causae
736 2117 968 2202 susciperetur,
996 2138 1069 2181 eum

76 2203 197 2270 uicissim
222 2208 356 2272 restitui
383 2209 417 2272 in
445 2207 619 2292 pristinam
646 2206 851 2272 concordiam
877 2209 988 2291 partes
1016 2227 1070 2269 ne-

76 2293 187 2359 cessitas
212 2296 382 2380 subigeret
400 2297 587 2381 urgentium
600 2318 709 2361 rerum
723 2301 897 2380 antequam
912 2298 1070 2358 cresceret

75 2381 236 2450 mollienda
264 2387 318 2450 21.
340 2385 454 2451 habita
476 2386 578 2470 igitur
592 2385 824 2450 deliberatione
838 2382 1014 2466 multiplici
1037 2384 1072 2448 id

48 2491 65 2528 a
74 2471 258 2549 potissimum
281 2475 493 2558 tractabatur,
517 2496 580 2558 quo
605 2477 787 2539 commento
803 2471 954 2538 Siluanus
978 2475 1073 2556 gesta

75 2560 247 2629 etiamtum
270 2565 500 2648 imperatorem
523 2564 676 2648 ignorare
700 2563 912 2628 existimaret.
948 2567 977 2626 ct
997 2580 1071 2645 pro=

76 2645 159 2714 babili
185 2656 379 2737 argumento
407 2655 451 2719 od
477 2653 669 2718 firmandam
691 2651 787 2716 fidem
810 2654 939 2734 reperto
962 2672 1070 2715 mone·

74 2750 113 2800 tur
131 2739 318 2807 honorificis
342 2743 482 2826 scriptis,
505 2747 543 2807 ut
565 2745 697 2825 accepto
712 2740 863 2805 Vrsioino
888 2761 1071 2805 successore

75 2844 130 2890 cun
142 2834 302 2913 potestate
316 2831 438 2896 rediret
460 2831 591 2896 intaeta.
620 2830 672 2895 22.
691 2834 767 2914 post
789 2829 870 2894 haec
883 2829 930 2894 ita
944 2828 1069 2912 digesta

45 2935 63 2974 s
73 2917 201 2993 protinus
231 2920 362 2986 iubetur
390 2921 491 3006 exire,
522 2920 661 2984 tribunis
691 2925 724 2984 et
750 2917 990 3003 protectoribus
1018 2916 1073 2980 do-

73 3080 268 3100 ᾕ--ο-

89 3244 93 3252 Ι
127 3181 235 3236 lsicini
251 3183 303 3238 VP
343 3181 568 3238 tDiocletu'anus
580 3183 725 3252 Augustus
742 3182 825 3235 inser.
841 3179 968 3236 Valesius
985 3178 1072 3248 pluci-

73 3242 200 3330 drus1loc.
218 3255 255 3306 18
273 3251 341 3332 litt]
360 3267 424 3306 eum
442 3267 553 3330 semper
570 3251 656 3330 antea
703 3266 757 3304 uae
773 3249 859 3328 aerbo
876 3265 892 3304 r
926 3253 959 3305 et.
974 3252 1038 3327 post
1057 3253 1071 3300 7

72 3313 175 3384 adoran)
196 3319 260 3397 [loo.
271 3323 308 3374 16
316 3320 382 3398 dett]
400 3335 526 3373 ammam
548 3335 656 3397 primus
694 3319 723 3373 P
739 3315 878 3395 placidius
898 3317 962 3386 [ac.
973 3319 991 3370 9
1002 3314 1070 3380 ata]

73 3382 441 3524 nauseant
454 3385 836 3524 [restaurasse
850 3383 903 3506 tt
932 3389 1073 3504 1⁹1¹t¹²⁸t

72 3472 282 3604 fueretl'ffqa
298 3525 420 3596 magnus
435 3495 560 3602 erat'V·¹
597 3501 629 3576 16
647 3521 755 3576 adoleri
769 3469 866 3641 lim
884 3518 950 3588 titt]
969 3531 1006 3571 ne
1045 3515 1075 3569 P

72 3587 99 3635 24
115 3586 142 3640 ul
157 3604 257 3659 seraper
278 3605 329 3646 om.
348 3590 428 3647 codd.
497 3595 530 3644 26
547 3607 587 3644 un
608 3589 748 3644 oratorem

817 3585 989 3656 imperatore
1012 3599 1072 3637 rem

76 3647 146 3709 VPta
212 3659 310 3719 etms.
331 3657 436 3728 VPbpa
504 3663 571 3712 27a
611 3657 637 3711 G
654 3672 704 3711 om.
726 3655 812 3711 VPbo
