2530 3922
415 197 668 256 CONSTANTIVS
686 206 737 256 354
1040 203 1083 272 45

93 345 238 409 nimietate
260 343 398 426 cogendi
421 343 578 428 quosdam
602 345 815 429 extingueret,
842 346 1083 430 praecursorius

92 435 172 498 index
195 431 412 498 Mediolanum
440 433 571 498 aduenit
598 433 828 518 ingressusque
856 435 981 519 regiam
1009 439 1084 498 ante

90 523 172 606 pedes
192 521 325 606 proiecit
339 519 525 588 Constantii
547 523 638 586 uelut
661 523 767 606 spolia
785 524 871 607 regis
895 524 995 588 occisi
1008 522 1085 588 Par-

90 613 203 677 thorum
224 615 256 676 et
283 611 412 694 perlato
435 611 548 676 nuntio
573 613 753 696 repentino,
783 613 918 676 docente
941 635 1011 676 rem
1038 611 1085 676 in·

71 705 234 786 asperatam
266 705 299 765 et
331 701 465 766 arduam
497 700 538 765 ad
566 701 762 768 sententiam
788 705 893 766 totam
925 701 1084 766 facilitate

91 791 274 874 completam,
309 789 345 854 hi
378 789 433 873 qui
465 811 624 854 summam
657 790 765 855 aulam
796 791 960 874 tenebant,
997 790 1085 854 omni

90 879 216 961 placendi
244 879 352 944 studio
385 879 419 942 in
443 879 661 944 adulationem
690 901 728 944 ex
752 901 840 944 more
870 879 999 944 conlato
1023 877 1085 942 uir·

90 973 176 1032 tutem
196 968 451 1052 felicitatemque
466 969 672 1052 imperatoris
687 969 888 1034 extollebant
902 968 937 1032 in
951 967 1085 1048 caelum,

90 1057 162 1122 cuim
182 1061 263 1122 nutu
286 1058 321 1122 in
334 1057 465 1122 modum
489 1058 713 1141 gregariorum
727 1058 868 1124 militum
891 1057 969 1122 licet
983 1057 1085 1120 diuer-

61 1147 124 1211 usis
148 1147 344 1230 temporibus
373 1147 434 1210 duo
463 1147 664 1211 exauctorati
693 1150 768 1210 runt
795 1147 966 1230 principes,
989 1145 1085 1209 Vete-

88 1236 163 1300 ranio
172 1236 325 1300 nimirum
339 1239 373 1300 et
386 1234 511 1302 Gallus.
543 1236 572 1300 3.
587 1258 650 1320 quo
667 1235 724 1300 ille
736 1236 842 1302 studio
852 1235 1086 1300 blanditiarum

89 1325 229 1408 exquisito
244 1325 394 1390 sublatus
409 1325 637 1410 inmunemque
662 1347 695 1388 se
710 1325 824 1390 deinde
848 1325 917 1390 fore
941 1325 982 1388 ab
997 1323 1086 1388 omni
1120 1363 1122 1370 ,

88 1414 282 1479 mortalitatis
310 1413 514 1479 incommodo
542 1413 679 1479 fidenter
701 1413 891 1478 existimans
915 1411 1086 1477 confestim

88 1503 237 1567 aiustitia
260 1503 437 1568 declinauit
459 1503 507 1568 ita
533 1503 797 1587 intemperanter,
824 1506 861 1567 ut
883 1500 1086 1586 „Aeterni-

59 1595 189 1656 ntatem
215 1590 361 1658 meam“
389 1591 585 1676 aliquotiens
619 1591 803 1656 subsereret
834 1591 905 1675 ipse
937 1589 1086 1654 dictando

87 1680 303 1766 scribendoque
326 1681 459 1765 propria
485 1703 583 1745 manu
611 1680 699 1745 orbis
727 1681 829 1746 totius
857 1702 891 1744 se
922 1679 1087 1744 dominum

87 1769 258 1855 appellaret,
284 1770 369 1854 quod
384 1769 565 1834 dicentibus
590 1769 664 1834 aliis
686 1769 894 1853 indignanter
916 1767 1088 1832 admodum

86 1857 155 1922 ferre
176 1859 310 1924 deberet
333 1859 361 1924 is
386 1859 440 1943 qui
464 1859 505 1924 ad
529 1857 780 1924 aemulationem
804 1857 949 1924 ciuilium
971 1855 1088 1940 princi-

86 1967 150 2027 pum
178 1948 321 2013 formare
335 1947 456 2032 nutam
487 1969 658 2032 moresque
691 1969 776 2030 suos,
805 1951 842 2012 ut
873 1945 1088 2029 praedicabat,

58 2035 241 2121 indiligentia
249 2032 424 2104 laborabat
433 2037 537 2102 enixa
554 2038 587 2102 4.
599 2058 738 2120 namque
748 2036 848 2100 etiam
858 2035 887 2100 si
896 2034 1089 2099 mundorum

87 2123 247 2200 infinitates
263 2126 445 2192 Democriti
468 2129 605 2211 regeret,
629 2147 709 2209 quos
724 2123 917 2190 Anaxarcho
932 2123 1089 2188 incitante

86 2234 206 2369 titt
231 2209 1089 2390 ttttl'tttitlt’itittttttttttttt

86 2429 119 2437 -
140 2394 280 2460 ambitus
303 2398 410 2460 terrae
433 2393 546 2477 totius,
569 2414 651 2476 quae
674 2392 768 2458 nobis
783 2391 911 2456 uidetur
932 2387 1090 2472 inmensa,

58 2483 119 2544 racd
149 2483 408 2568 magnitudinem
440 2481 663 2548 uniuersitatis
690 2481 795 2546 instar
822 2479 931 2544 breuis
964 2477 1090 2562 optinet

103 2572 191 2637 uncti.

85 2592 101 2651 p
160 2660 190 2726 2.
201 2660 375 2746 1.Iamque
385 2663 461 2744 post
472 2659 689 2724 miserandam
699 2658 798 2722 deleti
807 2656 955 2722 Caesaris
966 2655 1091 2721 cladem

87 2752 208 2814 sonante
230 2750 454 2834 periculorum
475 2748 677 2813 iudicialium
700 2749 780 2812 tuba
799 2747 833 2812 in
848 2747 970 2812 crimen
983 2745 1091 2809 laesae

87 2839 257 2904 maiestatis
273 2839 497 2904 arcessebatur
507 2836 678 2902 Vrsicinus
693 2837 898 2900 adulescente
907 2834 1012 2916 magis
1027 2855 1092 2896 ma·

57 2925 187 3012 agisque
202 2932 320 2994 contra
333 2929 405 2993 cius
417 2927 558 2993 salutem
572 2925 675 2990 liuore
691 2925 840 2990 omnibus
854 2923 948 2988 bonis
962 2921 1093 2986 infesto.

87 3015 112 3077 2.
118 3015 174 3081 hac
183 3018 274 3082 enim
283 3017 499 3102 superabatur
512 3013 705 3080 difficultate
721 3013 804 3097 quod
823 3013 863 3078 ad
873 3009 1092 3094 suscipiendas

87 3102 279 3173 defensiones
317 3128 436 3191 aequas
474 3109 507 3170 et
543 3102 723 3188 probabilis
759 3099 965 3186 imperatoris
999 3121 1091 3164 aures

87 3194 222 3262 occlusae
236 3197 397 3280 patebant
414 3193 552 3282 susurris
567 3191 791 3258 insidiantium
804 3187 1023 3271 clandestinis,
1038 3187 1094 3271 qui

146 3393 177 3442 15
194 3389 335 3443 assereret
352 3388 386 3457 by
438 3392 470 3441 16
488 3385 537 3440 sed
555 3383 681 3438 omnium
702 3381 754 3436 VP
800 3387 833 3436 20
851 3380 999 3451 diligentia
1016 3377 1092 3432 labo·
1125 3401 1127 3408 ¹

89 3451 161 3508 rabat
184 3454 211 3510 G
233 3455 381 3510 dicentia
401 3454 549 3509 laboraaat
568 3451 620 3506 VP
673 3457 705 3502 22
728 3449 826 3520 legens
843 3450 894 3518 buc
917 3448 951 3502 de
973 3463 1022 3500 ens
1043 3444 1094 3498 VP

89 3519 156 3574 caan
172 3523 241 3578 add.
323 3529 356 3576 27
366 3520 592 3577 demiserandam
603 3517 739 3590 nyssena.
757 3517 863 3588 petiser
882 3517 920 3585 [rr
935 3465 973 3585 Ill
981 3512 1094 3592 'andam

92 3585 136 3640 VP
153 3589 326 3646 horrendam
348 3591 400 3660 bpc
468 3593 501 3644 28
524 3588 630 3643 crimen
652 3585 731 3641 VAP
739 3584 824 3639 turba
841 3584 874 3654 by
916 3589 950 3639 30
962 3597 1022 3638 erus
1042 3579 1094 3633 VA

91 3668 133 3709 mn.
148 3658 208 3728 Pan
243 3665 277 3714 33
294 3658 426 3713 retebant
446 3656 498 3711 VP
