2530 3922
418 229 672 286 OONSTANTIVS
690 237 741 286 354
1041 233 1086 298 47

93 375 203 439 obiecta
228 374 364 439 dilueret
387 376 634 459 ostenderetque
656 379 807 440 neutrum
831 376 900 440 sine
928 375 1019 440 iussu
1041 375 1088 439 ie·

91 465 168 547 cisse,
188 463 322 528 nefando
347 463 589 530 adsentatorum
605 469 699 530 coetu
721 465 861 549 perisset
882 467 1028 548 urgente,
1050 463 1086 528 ni

91 552 287 636 adspiratione
302 555 432 637 superni
446 553 588 619 numinis
601 553 745 619 Eusebia
759 553 957 638 suffragante
970 553 1086 636 regina

89 643 186 706 ductus
208 642 247 706 ad
267 640 402 707 Comum
426 643 579 728 oppidum
601 642 786 708 Mediolano
808 643 952 708 uicinum
974 642 1086 726 ibique

70 731 235 815 apaunaper
247 735 393 796 moratus
407 731 603 816 procudendi
617 733 740 816 ingenii
758 755 863 814 causa,
885 736 922 797 ut
936 730 1085 816 cupidine

88 820 231 905 flagrauit,
254 821 294 886 ad
308 819 478 885 Graeciam
491 821 539 885 ire
559 822 736 904 permissus
752 825 810 886 cst.
838 822 868 886 9.
881 843 941 885 nec
954 819 1086 885 defuere

89 909 217 992 deinceps
251 932 290 974 ex
321 909 374 974 his
402 909 602 995 emergentia
629 911 770 995 casibus,
801 932 882 994 quae
910 909 1087 993 dispiceres

89 998 218 1064 secundis
252 998 366 1064 auibus
395 999 581 1084 contigisse,
613 999 689 1064 dum
718 1000 909 1083 punirentur
937 1019 975 1062 ex
1006 997 1085 1079 iure,

88 1089 130 1151 uel
148 1091 313 1171 tamquam
335 1087 435 1152 inrita
457 1088 648 1154 diffluebant
666 1091 699 1152 et
721 1111 814 1154 uana.
851 1087 906 1152 sed
920 1086 1088 1152 accidebat

60 1189 78 1228 1⁰
87 1198 140 1242 non
150 1198 333 1261 numquam,
355 1181 392 1241 ut
406 1177 552 1260 opulenti
565 1177 732 1261 pulsantes
746 1176 907 1260 praesidia
921 1175 1086 1259 potiorum

87 1266 233 1350 isdemque
257 1269 426 1350 tamquam
450 1267 563 1332 ederae
578 1265 673 1330 celsis
689 1266 859 1332 arboribus
874 1265 1085 1330 adhaerentes

87 1354 311 1420 absolutionem
346 1355 462 1439 pretiis
499 1358 719 1421 mercarentur
755 1354 936 1418 immensis:
972 1356 1087 1416 tenues

86 1466 162 1528 nero,
185 1445 303 1528 quibus
318 1445 454 1528 exiguae
468 1467 521 1510 res
536 1447 629 1509 erant
652 1444 691 1509 ad
705 1442 925 1508 redimendam
948 1441 1088 1506 salutem

86 1537 132 1597 aut
150 1533 268 1618 nullae,
294 1533 530 1599 damnabantur
553 1534 699 1618 abrupte.
743 1531 879 1616 ideoque
903 1533 935 1594 et
965 1529 1087 1594 ueritas

57 1636 75 1674 1⁵
85 1623 244 1688 mendaciis
274 1622 448 1687 celabatur
476 1625 509 1688 et
530 1624 661 1688 ualuere
692 1643 752 1705 pro
776 1621 861 1686 ueris
891 1617 1087 1702 aliquotiens

85 1711 163 1776 falsa.

149 1801 196 1866 10.
205 1801 388 1865 Perductus
403 1804 454 1866 est
467 1801 570 1866 isdem
580 1801 693 1865 diebus
704 1803 737 1864 et
750 1799 943 1884 Gorgonius,
953 1796 1004 1862 cui
1016 1800 1088 1860 erat

85 1888 206 1954 thalami
225 1888 415 1956 Caesariani
438 1912 515 1956 cura
538 1890 719 1973 commissa,
742 1911 877 1973 cumque
901 1908 974 1952 eum
997 1907 1089 1950 auso-

84 1999 144 2042 rum
164 1978 265 2044 {bisse
289 1979 482 2063 participem
506 1979 764 2062 concitoremque
780 1976 943 2042 interdum
958 1998 997 2040 ex
1017 1996 1089 2040 con-

57 2066 157 2132 afasso
179 2072 325 2153 pateret,
349 2068 588 2152 conspiratione
613 2067 790 2151 spadonum
812 2066 941 2133 iustitia
964 2063 1088 2130 concin-

85 2157 155 2222 natis
169 2157 350 2223 mendaciis
364 2157 568 2242 obumbrata,
590 2157 733 2242 periculo
749 2156 899 2222 euolutus
924 2151 1088 2220 abscessit.

148 2245 579 2312 3.1.HaecdumMediolani
587 2245 1089 2330 aguntur,nrilita1iumcateruae

84 2335 117 2398 ab
138 2336 262 2400 oriente
288 2334 460 2419 perductae
483 2339 559 2400 sunt
577 2334 763 2420 Aquileiam
786 2357 859 2399 cum
882 2331 996 2398 aulicis
1019 2329 1089 2412 plu-

84 2425 169 2509 ribus,
195 2423 357 2490 membris
385 2425 470 2489 inter
493 2428 622 2490 catenas
650 2423 823 2488 fluentibus
854 2420 1003 2507 spiritum
1025 2421 1090 2482 tra-

57 2511 184 2580 ²⁵hentes
214 2515 372 2598 exiguum
398 2513 590 2598 uiuendique
617 2535 726 2577 moras
753 2535 812 2596 per
840 2529 1006 2577 aerumnas
1039 2507 1091 2572 de-

84 2604 183 2668 testati
205 2602 418 2686 multiplices.
455 2603 699 2668 arcessebantur
717 2602 803 2668 enim
826 2598 968 2665 ministri
989 2596 1089 2662 fiusse

85 2689 160 2758 Galli
181 2692 373 2758 ferocientis
395 2713 517 2778 perque
541 2715 595 2758 eos
610 2691 818 2756 Domitianus
832 2691 1012 2773 discerptus
1027 2708 1084 2751 cre

84 2780 208 2849 debatur
238 2785 275 2846 et
297 2779 452 2865 Montius,
480 2781 593 2846 etalii
619 2786 696 2866 post
723 2803 778 2846 eos
803 2781 867 2846 acti
893 2779 929 2843 in
956 2776 1092 2842 exitium

83 2890 238 2955 praeceps.
278 2869 307 2934 2.
323 2870 363 2934 ad
382 2892 461 2954 quos
481 2870 654 2936 audiendos
667 2870 834 2936 Arboreus
852 2869 969 2933 missus
989 2867 1040 2928 est
1059 2865 1093 2925 et

55 2957 236 3024 anusebius
253 2959 395 3024 cubiculi
407 2962 485 3024 tunc
497 2961 711 3044 praepositus,
726 2960 821 3024 ambo
835 2953 1091 3021 inconsideratae

85 3145 293 3157 ——-—-

143 3277 300 3348 turgente
323 3275 444 3346 perisset
464 3282 598 3399 traaasssoa
620 3276 646 3331 Gr
714 3271 923 3354 bprocudendi
939 3267 1092 3324 Lindenbr·

85 3345 266 3409 procendenti
282 3344 309 3398 V
343 3343 509 3399 rocandenti
569 3360 620 3416 pro
639 3341 791 3399 colendrd
842 3346 911 3395 61re
929 3339 980 3408 bqa
996 3337 1025 3389 te
1041 3332 1096 3386 VP

86 3412 210 3466 nauibus
221 3412 250 3466 G
269 3427 331 3466 aun
350 3429 383 3466 us
396 3411 482 3467 VPbo
549 3419 565 3468 9
577 3417 642 3482 post
653 3428 727 3466 uana
739 3411 791 3465 lac.
809 3401 1091 3474 sualmifflpaseaa.

88 3482 114 3530 12
128 3479 275 3535 immensis
288 3478 315 3533 G
327 3480 447 3534 emensis
462 3481 542 3535 VAP
578 3488 607 3534 12
621 3481 721 3547 tenues
733 3507 766 3518 —-
780 3483 811 3532 13
830 3477 949 3531 salutem
966 3488 1016 3526 om.
1033 3467 1097 3522 ΡΗ)

86 3561 124 3598 res
133 3546 283 3602 GuiresA
292 3563 373 3602 uetes
388 3546 414 3600 V
445 3545 881 3602 redimendamAredemendam
893 3534 1094 3596 VtoendamG

70 3659 72 3667 ,
88 3615 115 3664 29
126 3615 282 3672 audiendos
293 3615 320 3670 G
329 3615 433 3670 auodos
441 3615 528 3672 VPba
549 3616 690 3671 Arboreus
702 3614 829 3670 Valesius
838 3611 967 3666 arborum
980 3607 1032 3662 VP
1043 3606 1098 3660 Ar-

87 3677 147 3736 bora
163 3681 214 3754 bpa
