<?xml version="1.0" encoding="UTF-8"?>
<!DOCTYPE html PUBLIC "-//W3C//DTD XHTML 1.0 Transitional//EN"
    "http://www.w3.org/TR/xhtml1/DTD/xhtml1-transitional.dtd">
<html xmlns="http://www.w3.org/1999/xhtml" xml:lang="en" lang="en">
 <head>
  <title>
</title>
<meta http-equiv="Content-Type" content="text/html;charset=utf-8" />
  <meta name='ocr-system' content='tesseract 3.04.00' />
  <meta name='ocr-capabilities' content='ocr_page ocr_carea ocr_par ocr_line ocrx_word'/>
</head>
<body>
  <div class='ocr_page' id='page_1' title='image "ammianimarcelli01marcgoog_0066.png"; bbox 0 0 2530 3922; ppageno 0'>
   <div class='ocr_carea' id='block_1_1' title="bbox 303 201 1085 276">
    <p class='ocr_par' dir='ltr' id='par_1_1' title="bbox 303 201 1085 276">
     <span class='ocr_line' id='line_1_1' title="bbox 303 201 1085 276; baseline 0.005 -17"><span class='ocrx_word' id='word_1_1' title='bbox 303 201 558 260; x_wconf 80' lang='lat' dir='ltr'>CONSTANTIVS</span> <span class='ocrx_word' id='word_1_2' title='bbox 576 204 623 259; x_wconf 86' lang='lat' dir='ltr'><strong>ET</strong></span> <span class='ocrx_word' id='word_1_3' title='bbox 641 205 782 261; x_wconf 82' lang='lat' dir='ltr'><strong>GALLVS</strong></span> <span class='ocrx_word' id='word_1_4' title='bbox 801 211 851 262; x_wconf 77' lang='lat'><strong>354</strong></span> <span class='ocrx_word' id='word_1_5' title='bbox 1041 209 1085 276; x_wconf 83' lang='lat'><strong>33</strong></span> 
     </span>
    </p>
   </div>
   <div class='ocr_carea' id='block_1_2' title="bbox 32 345 1094 3014">
    <p class='ocr_par' dir='ltr' id='par_1_2' title="bbox 32 345 1094 3014">
     <span class='ocr_line' id='line_1_2' title="bbox 69 345 1083 432; baseline 0.004 -22"><span class='ocrx_word' id='word_1_6' title='bbox 69 347 117 411; x_wconf 90' lang='lat' dir='ltr'><strong>leo</strong></span> <span class='ocrx_word' id='word_1_7' title='bbox 140 345 355 411; x_wconf 90' lang='lat' dir='ltr'><strong>cadaueribus</strong></span> <span class='ocrx_word' id='word_1_8' title='bbox 377 351 493 432; x_wconf 88' lang='lat' dir='ltr'><strong>pastus</strong></span> <span class='ocrx_word' id='word_1_9' title='bbox 516 348 620 413; x_wconf 90' lang='lat' dir='ltr'><strong>multa</strong></span> <span class='ocrx_word' id='word_1_10' title='bbox 642 349 738 415; x_wconf 91' lang='lat' dir='ltr'><strong>huius</strong></span> <span class='ocrx_word' id='word_1_11' title='bbox 762 350 850 414; x_wconf 93' lang='lat' dir='ltr'><strong>modi</strong></span> <span class='ocrx_word' id='word_1_12' title='bbox 868 351 1083 416; x_wconf 73' lang='lat' dir='ltr'><strong>scrutabatur.</strong></span> 
     </span>
     <span class='ocr_line' id='line_1_3' title="bbox 69 435 1084 523; baseline 0.004 -23"><span class='ocrx_word' id='word_1_13' title='bbox 69 457 147 520; x_wconf 86' lang='lat' dir='ltr'><strong>quae</strong></span> <span class='ocrx_word' id='word_1_14' title='bbox 178 435 311 520; x_wconf 88' lang='lat' dir='ltr'><strong>singula</strong></span> <span class='ocrx_word' id='word_1_15' title='bbox 338 458 472 502; x_wconf 88' lang='lat' dir='ltr'><strong>narrare</strong></span> <span class='ocrx_word' id='word_1_16' title='bbox 495 458 562 502; x_wconf 90' lang='lat' dir='ltr'><strong>non</strong></span> <span class='ocrx_word' id='word_1_17' title='bbox 583 437 697 523; x_wconf 77' lang='lat' dir='ltr'>refert,</span> <span class='ocrx_word' id='word_1_18' title='bbox 725 461 765 504; x_wconf 90' lang='lat' dir='ltr'><strong>ne</strong></span> <span class='ocrx_word' id='word_1_19' title='bbox 792 439 993 523; x_wconf 85' lang='lat' dir='ltr'>professione</span> <span class='ocrx_word' id='word_1_20' title='bbox 1017 461 1084 504; x_wconf 91' lang='lat' dir='ltr'><strong>mo·</strong></span> 
     </span>
     <span class='ocr_line' id='line_1_4' title="bbox 67 525 1045 611; baseline 0.01 -23"><span class='ocrx_word' id='word_1_21' title='bbox 67 525 150 608; x_wconf 85' lang='lat' dir='ltr'><strong>dum,</strong></span> <span class='ocrx_word' id='word_1_22' title='bbox 175 525 263 610; x_wconf 91' lang='lat' dir='ltr'><strong>quod</strong></span> <span class='ocrx_word' id='word_1_23' title='bbox 287 525 474 590; x_wconf 91' lang='lat' dir='ltr'><strong>euitandum</strong></span> <span class='ocrx_word' id='word_1_24' title='bbox 498 531 557 611; x_wconf 85' lang='lat' dir='ltr'><strong>est,</strong></span> <span class='ocrx_word' id='word_1_25' title='bbox 580 528 780 593; x_wconf 86' lang='lat' dir='ltr'><strong>excedamus.</strong></span> <span class='ocrx_word' id='word_1_26' title='bbox 1040 589 1045 598; x_wconf 82' lang='lat'><strong>.</strong></span> 
     </span>
     <span class='ocr_line' id='line_1_5' title="bbox 156 611 1082 702; baseline 0.004 -24"><span class='ocrx_word' id='word_1_27' title='bbox 156 611 214 678; x_wconf 89' lang='lat'><strong>10.</strong></span> <span class='ocrx_word' id='word_1_28' title='bbox 233 615 261 678; x_wconf 91' lang='lat'><strong>1.</strong></span> <span class='ocrx_word' id='word_1_29' title='bbox 270 613 362 680; x_wconf 86' lang='lat' dir='ltr'><strong>Haec</strong></span> <span class='ocrx_word' id='word_1_30' title='bbox 375 615 452 681; x_wconf 90' lang='lat' dir='ltr'><strong>dum</strong></span> <span class='ocrx_word' id='word_1_31' title='bbox 467 615 574 684; x_wconf 86' lang='lat' dir='ltr'><strong>oriens</strong></span> <span class='ocrx_word' id='word_1_32' title='bbox 589 617 644 682; x_wconf 88' lang='lat' dir='ltr'><strong>diu</strong></span> <span class='ocrx_word' id='word_1_33' title='bbox 658 617 827 702; x_wconf 83' lang='lat' dir='ltr'><strong>perferret,</strong></span> <span class='ocrx_word' id='word_1_34' title='bbox 841 617 924 682; x_wconf 88' lang='lat' dir='ltr'><strong>caeli</strong></span> <span class='ocrx_word' id='word_1_35' title='bbox 936 621 1082 682; x_wconf 90' lang='lat' dir='ltr'><strong>reserato</strong></span> 
     </span>
     <span class='ocr_line' id='line_1_6' title="bbox 42 700 1082 790; baseline 0.004 -24"><span class='ocrx_word' id='word_1_36' title='bbox 42 707 178 786; x_wconf 78' lang='lat' dir='ltr'><strong>stepore</strong></span> <span class='ocrx_word' id='word_1_37' title='bbox 203 700 415 768; x_wconf 73' lang='lat' dir='ltr'><strong>Constantius</strong></span> <span class='ocrx_word' id='word_1_38' title='bbox 444 705 614 770; x_wconf 89' lang='lat' dir='ltr'><strong>consulatu</strong></span> <span class='ocrx_word' id='word_1_39' title='bbox 642 728 699 771; x_wconf 94' lang='lat' dir='ltr'><strong>suo</strong></span> <span class='ocrx_word' id='word_1_40' title='bbox 729 707 848 790; x_wconf 89' lang='lat' dir='ltr'><strong>septies</strong></span> <span class='ocrx_word' id='word_1_41' title='bbox 877 711 909 770; x_wconf 90' lang='lat' dir='ltr'><strong>et</strong></span> <span class='ocrx_word' id='word_1_42' title='bbox 933 704 1082 771; x_wconf 80' lang='lat' dir='ltr'>Caesaris</span> 
     </span>
     <span class='ocr_line' id='line_1_7' title="bbox 67 791 1083 879; baseline 0.004 -23"><span class='ocrx_word' id='word_1_43' title='bbox 67 797 114 856; x_wconf 90' lang='lat' dir='ltr'><strong>ter</strong></span> <span class='ocrx_word' id='word_1_44' title='bbox 136 813 291 877; x_wconf 85' lang='lat' dir='ltr'><strong>egressus</strong></span> <span class='ocrx_word' id='word_1_45' title='bbox 304 791 441 858; x_wconf 79' lang='lat' dir='ltr'><strong>Arelate</strong></span> <span class='ocrx_word' id='word_1_46' title='bbox 454 793 644 860; x_wconf 74' lang='lat' dir='ltr'>Valentiam</span> <span class='ocrx_word' id='word_1_47' title='bbox 666 796 758 879; x_wconf 89' lang='lat' dir='ltr'><strong>petit,</strong></span> <span class='ocrx_word' id='word_1_48' title='bbox 781 797 817 860; x_wconf 92' lang='lat' dir='ltr'><strong>in</strong></span> <span class='ocrx_word' id='word_1_49' title='bbox 836 795 1083 860; x_wconf 79' lang='lat' dir='ltr'><strong>Gundomadum</strong></span> 
     </span>
     <span class='ocr_line' id='line_1_8' title="bbox 67 881 1084 968; baseline 0.004 -23"><span class='ocrx_word' id='word_1_50' title='bbox 67 885 98 945; x_wconf 91' lang='lat' dir='ltr'><strong>et</strong></span> <span class='ocrx_word' id='word_1_51' title='bbox 133 881 374 946; x_wconf 79' lang='lat' dir='ltr'><strong>Vadomarium</strong></span> <span class='ocrx_word' id='word_1_52' title='bbox 409 881 528 966; x_wconf 83' lang='lat' dir='ltr'><strong>fratres</strong></span> <span class='ocrx_word' id='word_1_53' title='bbox 565 883 824 950; x_wconf 75' lang='lat' dir='ltr'><strong>Alamannorum</strong></span> <span class='ocrx_word' id='word_1_54' title='bbox 860 904 954 968; x_wconf 86' lang='lat' dir='ltr'><strong>reges</strong></span> <span class='ocrx_word' id='word_1_55' title='bbox 992 905 1084 950; x_wconf 91' lang='lat' dir='ltr'><strong>arma</strong></span> 
     </span>
     <span class='ocr_line' id='line_1_9' title="bbox 67 972 1084 1054; baseline 0.002 -20"><span class='ocrx_word' id='word_1_56' title='bbox 67 973 229 1054; x_wconf 85' lang='lat' dir='ltr'><strong>moturus,</strong></span> <span class='ocrx_word' id='word_1_57' title='bbox 253 992 392 1054; x_wconf 88' lang='lat' dir='ltr'><strong>quorum</strong></span> <span class='ocrx_word' id='word_1_58' title='bbox 414 972 535 1036; x_wconf 81' lang='lat' dir='ltr'>crebris</span> <span class='ocrx_word' id='word_1_59' title='bbox 560 974 748 1038; x_wconf 84' lang='lat' dir='ltr'><strong>excursibus</strong></span> <span class='ocrx_word' id='word_1_60' title='bbox 772 975 988 1038; x_wconf 89' lang='lat' dir='ltr'><strong>uastabantur</strong></span> <span class='ocrx_word' id='word_1_61' title='bbox 1012 995 1084 1038; x_wconf 90' lang='lat' dir='ltr'><strong>con-</strong></span> 
     </span>
     <span class='ocr_line' id='line_1_10' title="bbox 67 1059 1083 1147; baseline 0.003 -24"><span class='ocrx_word' id='word_1_62' title='bbox 67 1059 144 1123; x_wconf 88' lang='lat' dir='ltr'><strong>lines</strong></span> <span class='ocrx_word' id='word_1_63' title='bbox 159 1059 326 1124; x_wconf 89' lang='lat' dir='ltr'><strong>limitibus</strong></span> <span class='ocrx_word' id='word_1_64' title='bbox 339 1063 447 1126; x_wconf 91' lang='lat' dir='ltr'><strong>terrae</strong></span> <span class='ocrx_word' id='word_1_65' title='bbox 463 1059 642 1128; x_wconf 76' lang='lat' dir='ltr'><strong>Gallorum.</strong></span> <span class='ocrx_word' id='word_1_66' title='bbox 679 1063 709 1126; x_wconf 86' lang='lat'><strong>2.</strong></span> <span class='ocrx_word' id='word_1_67' title='bbox 724 1063 863 1147; x_wconf 91' lang='lat' dir='ltr'><strong>dumque</strong></span> <span class='ocrx_word' id='word_1_68' title='bbox 886 1062 934 1126; x_wconf 95' lang='lat' dir='ltr'><strong>ibi</strong></span> <span class='ocrx_word' id='word_1_69' title='bbox 948 1061 1003 1126; x_wconf 89' lang='lat' dir='ltr'><strong>diu</strong></span> <span class='ocrx_word' id='word_1_70' title='bbox 1013 1071 1083 1126; x_wconf 75' lang='lat' dir='ltr'><strong>‘mo-</strong></span> 
     </span>
     <span class='ocr_line' id='line_1_11' title="bbox 33 1150 1084 1235; baseline 0.006 -27"><span class='ocrx_word' id='word_1_71' title='bbox 33 1173 54 1209; x_wconf 75' lang='grc' dir='ltr'><strong>ιο</strong></span> <span class='ocrx_word' id='word_1_72' title='bbox 66 1152 157 1214; x_wconf 88' lang='lat' dir='ltr'><strong>ratur</strong></span> <span class='ocrx_word' id='word_1_73' title='bbox 182 1151 383 1216; x_wconf 74' lang='lat' dir='ltr'><strong>commeatus</strong></span> <span class='ocrx_word' id='word_1_74' title='bbox 407 1150 587 1234; x_wconf 89' lang='lat' dir='ltr'><strong>opperiens,</strong></span> <span class='ocrx_word' id='word_1_75' title='bbox 611 1172 748 1235; x_wconf 91' lang='lat' dir='ltr'><strong>quorum</strong></span> <span class='ocrx_word' id='word_1_76' title='bbox 771 1152 1022 1232; x_wconf 82' lang='lat' dir='ltr'><strong>translationem</strong></span> <span class='ocrx_word' id='word_1_77' title='bbox 1045 1173 1084 1214; x_wconf 82' lang='lat' dir='ltr'><strong>ex</strong></span> 
     </span>
     <span class='ocr_line' id='line_1_12' title="bbox 65 1237 1084 1324; baseline 0.003 -24"><span class='ocrx_word' id='word_1_78' title='bbox 65 1237 249 1322; x_wconf 76' lang='lat' dir='ltr'><strong>Aquitania</strong></span> <span class='ocrx_word' id='word_1_79' title='bbox 271 1237 365 1302; x_wconf 90' lang='lat' dir='ltr'><strong>uerni</strong></span> <span class='ocrx_word' id='word_1_80' title='bbox 390 1239 511 1304; x_wconf 89' lang='lat' dir='ltr'><strong>imbres</strong></span> <span class='ocrx_word' id='word_1_81' title='bbox 535 1240 633 1304; x_wconf 89' lang='lat' dir='ltr'><strong>solito</strong></span> <span class='ocrx_word' id='word_1_82' title='bbox 657 1240 836 1306; x_wconf 78' lang='lat' dir='ltr'>crebriores</span> <span class='ocrx_word' id='word_1_83' title='bbox 864 1239 1084 1324; x_wconf 89' lang='lat' dir='ltr'><strong>prohibebant</strong></span> 
     </span>
     <span class='ocr_line' id='line_1_13' title="bbox 65 1327 1085 1412; baseline 0.001 -21"><span class='ocrx_word' id='word_1_84' title='bbox 65 1327 219 1411; x_wconf 88' lang='lat' dir='ltr'><strong>auctique</strong></span> <span class='ocrx_word' id='word_1_85' title='bbox 247 1330 422 1411; x_wconf 87' lang='lat' dir='ltr'><strong>torrentes,</strong></span> <span class='ocrx_word' id='word_1_86' title='bbox 448 1327 653 1394; x_wconf 82' lang='lat' dir='ltr'><strong>Herculanus</strong></span> <span class='ocrx_word' id='word_1_87' title='bbox 682 1329 815 1396; x_wconf 89' lang='lat' dir='ltr'><strong>aduenit</strong></span> <span class='ocrx_word' id='word_1_88' title='bbox 842 1331 1008 1412; x_wconf 91' lang='lat' dir='ltr'><strong>protector</strong></span> <span class='ocrx_word' id='word_1_89' title='bbox 1031 1328 1085 1392; x_wconf 91' lang='lat' dir='ltr'><strong>do-</strong></span> 
     </span>
     <span class='ocr_line' id='line_1_14' title="bbox 66 1414 1085 1502; baseline 0.002 -23"><span class='ocrx_word' id='word_1_90' title='bbox 66 1417 232 1498; x_wconf 90' lang='lat' dir='ltr'><strong>mesticus,</strong></span> <span class='ocrx_word' id='word_1_91' title='bbox 254 1414 471 1500; x_wconf 81' lang='lat' dir='ltr'><strong>Hermogenis</strong></span> <span class='ocrx_word' id='word_1_92' title='bbox 491 1417 704 1502; x_wconf 82' lang='lat' dir='ltr'><strong>exmagistro</strong></span> <span class='ocrx_word' id='word_1_93' title='bbox 721 1419 864 1502; x_wconf 87' lang='lat' dir='ltr'><strong>equitum</strong></span> <span class='ocrx_word' id='word_1_94' title='bbox 879 1417 977 1501; x_wconf 91' lang='lat' dir='ltr'><strong>filius,</strong></span> <span class='ocrx_word' id='word_1_95' title='bbox 1000 1416 1085 1500; x_wconf 91' lang='lat' dir='ltr'><strong>apud</strong></span> 
     </span>
     <span class='ocr_line' id='line_1_15' title="bbox 66 1502 1085 1591; baseline 0 -23"><span class='ocrx_word' id='word_1_96' title='bbox 66 1502 398 1589; x_wconf 86' lang='lat' dir='ltr'><strong>Constantinopolim,</strong></span> <span class='ocrx_word' id='word_1_97' title='bbox 421 1511 458 1570; x_wconf 85' lang='lat' dir='ltr'><strong>ut</strong></span> <span class='ocrx_word' id='word_1_98' title='bbox 482 1527 579 1590; x_wconf 89' lang='lat' dir='ltr'><strong>supra</strong></span> <span class='ocrx_word' id='word_1_99' title='bbox 602 1507 798 1591; x_wconf 86' lang='lat' dir='ltr'><strong>rettulimus,</strong></span> <span class='ocrx_word' id='word_1_100' title='bbox 820 1505 971 1590; x_wconf 89' lang='lat' dir='ltr'><strong>populari</strong></span> <span class='ocrx_word' id='word_1_101' title='bbox 986 1526 1085 1589; x_wconf 93' lang='lat' dir='ltr'><strong>quon-</strong></span> 
     </span>
     <span class='ocr_line' id='line_1_16' title="bbox 33 1593 1085 1680; baseline 0.003 -25"><span class='ocrx_word' id='word_1_102' title='bbox 33 1617 53 1656; x_wconf 81' lang='lat'><strong>15</strong></span> <span class='ocrx_word' id='word_1_103' title='bbox 66 1594 141 1658; x_wconf 90' lang='lat' dir='ltr'><strong>dam</strong></span> <span class='ocrx_word' id='word_1_104' title='bbox 169 1593 304 1658; x_wconf 87' lang='lat' dir='ltr'><strong>turbela</strong></span> <span class='ocrx_word' id='word_1_105' title='bbox 331 1594 494 1678; x_wconf 82' lang='lat' dir='ltr'><strong>discerpti.</strong></span> <span class='ocrx_word' id='word_1_106' title='bbox 540 1618 603 1680; x_wconf 92' lang='lat' dir='ltr'><strong>quo</strong></span> <span class='ocrx_word' id='word_1_107' title='bbox 626 1597 796 1662; x_wconf 89' lang='lat' dir='ltr'><strong>uerissime</strong></span> <span class='ocrx_word' id='word_1_108' title='bbox 818 1595 978 1660; x_wconf 88' lang='lat' dir='ltr'><strong>referente</strong></span> <span class='ocrx_word' id='word_1_109' title='bbox 1002 1616 1085 1678; x_wconf 88' lang='lat' dir='ltr'><strong>quae</strong></span> 
     </span>
     <span class='ocr_line' id='line_1_17' title="bbox 66 1682 1085 1770; baseline 0.001 -24"><span class='ocrx_word' id='word_1_110' title='bbox 66 1682 184 1748; x_wconf 85' lang='lat' dir='ltr'><strong>Gallus</strong></span> <span class='ocrx_word' id='word_1_111' title='bbox 212 1685 339 1768; x_wconf 88' lang='lat' dir='ltr'><strong>egerat,</strong></span> <span class='ocrx_word' id='word_1_112' title='bbox 371 1683 498 1750; x_wconf 87' lang='lat' dir='ltr'><strong>damnis</strong></span> <span class='ocrx_word' id='word_1_113' title='bbox 531 1707 626 1768; x_wconf 91' lang='lat' dir='ltr'><strong>super</strong></span> <span class='ocrx_word' id='word_1_114' title='bbox 657 1685 844 1770; x_wconf 90' lang='lat' dir='ltr'><strong>praeteritis</strong></span> <span class='ocrx_word' id='word_1_115' title='bbox 871 1705 1019 1750; x_wconf 90' lang='lat' dir='ltr'><strong>maerens</strong></span> <span class='ocrx_word' id='word_1_116' title='bbox 1053 1687 1085 1747; x_wconf 85' lang='lat' dir='ltr'><strong>et</strong></span> 
     </span>
     <span class='ocr_line' id='line_1_18' title="bbox 65 1771 1087 1857; baseline 0.001 -22"><span class='ocrx_word' id='word_1_117' title='bbox 65 1771 254 1836; x_wconf 84' lang='lat' dir='ltr'><strong>futurorum</strong></span> <span class='ocrx_word' id='word_1_118' title='bbox 276 1771 394 1836; x_wconf 90' lang='lat' dir='ltr'><strong>timore</strong></span> <span class='ocrx_word' id='word_1_119' title='bbox 417 1794 592 1856; x_wconf 89' lang='lat' dir='ltr'><strong>suspensus</strong></span> <span class='ocrx_word' id='word_1_120' title='bbox 617 1793 772 1857; x_wconf 83' lang='lat' dir='ltr'><strong>angorem</strong></span> <span class='ocrx_word' id='word_1_121' title='bbox 795 1773 896 1838; x_wconf 91' lang='lat' dir='ltr'><strong>animi</strong></span> <span class='ocrx_word' id='word_1_122' title='bbox 911 1794 1009 1857; x_wconf 88' lang='lat' dir='ltr'><strong>quam</strong></span> <span class='ocrx_word' id='word_1_123' title='bbox 1032 1773 1087 1836; x_wconf 89' lang='lat' dir='ltr'><strong>diu</strong></span> 
     </span>
     <span class='ocr_line' id='line_1_19' title="bbox 65 1861 1085 1946; baseline 0.001 -22"><span class='ocrx_word' id='word_1_124' title='bbox 65 1861 175 1943; x_wconf 89' lang='lat' dir='ltr'><strong>potuit</strong></span> <span class='ocrx_word' id='word_1_125' title='bbox 190 1861 394 1928; x_wconf 82' lang='lat' dir='ltr'><strong>emendabat.</strong></span> <span class='ocrx_word' id='word_1_126' title='bbox 436 1862 465 1926; x_wconf 85' lang='lat'><strong>3.</strong></span> <span class='ocrx_word' id='word_1_127' title='bbox 479 1861 575 1927; x_wconf 91' lang='lat' dir='ltr'><strong>miles</strong></span> <span class='ocrx_word' id='word_1_128' title='bbox 599 1867 710 1928; x_wconf 89' lang='lat' dir='ltr'><strong>temen</strong></span> <span class='ocrx_word' id='word_1_129' title='bbox 732 1863 858 1928; x_wconf 89' lang='lat' dir='ltr'><strong>interea</strong></span> <span class='ocrx_word' id='word_1_130' title='bbox 872 1861 977 1927; x_wconf 92' lang='lat' dir='ltr'><strong>omnis</strong></span> <span class='ocrx_word' id='word_1_131' title='bbox 1001 1862 1085 1946; x_wconf 90' lang='lat' dir='ltr'><strong>apud</strong></span> 
     </span>
     <span class='ocr_line' id='line_1_20' title="bbox 67 1947 1086 2036; baseline 0.001 -23"><span class='ocrx_word' id='word_1_132' title='bbox 67 1947 246 2016; x_wconf 81' lang='lat' dir='ltr'><strong>Cabillona</strong></span> <span class='ocrx_word' id='word_1_133' title='bbox 268 1949 424 2016; x_wconf 87' lang='lat' dir='ltr'><strong>collectus</strong></span> <span class='ocrx_word' id='word_1_134' title='bbox 451 1973 618 2018; x_wconf 85' lang='lat' dir='ltr'><strong>morarum</strong></span> <span class='ocrx_word' id='word_1_135' title='bbox 641 1951 803 2036; x_wconf 86' lang='lat' dir='ltr'><strong>inpatiens</strong></span> <span class='ocrx_word' id='word_1_136' title='bbox 828 1950 996 2016; x_wconf 85' lang='lat' dir='ltr'><strong>saeuiebat</strong></span> <span class='ocrx_word' id='word_1_137' title='bbox 1024 1950 1086 2014; x_wconf 91' lang='lat' dir='ltr'><strong>hoc</strong></span> 
     </span>
     <span class='ocr_line' id='line_1_21' title="bbox 32 2038 1086 2124; baseline 0.001 -23"><span class='ocrx_word' id='word_1_138' title='bbox 32 2064 55 2101; x_wconf 82' lang='lat' dir='ltr'><strong>a</strong></span> <span class='ocrx_word' id='word_1_139' title='bbox 68 2038 249 2122; x_wconf 68' lang='lat' dir='ltr'><strong>imitabor,</strong></span> <span class='ocrx_word' id='word_1_140' title='bbox 276 2039 362 2124; x_wconf 89' lang='lat' dir='ltr'><strong>quod</strong></span> <span class='ocrx_word' id='word_1_141' title='bbox 383 2061 443 2104; x_wconf 92' lang='lat' dir='ltr'><strong>nec</strong></span> <span class='ocrx_word' id='word_1_142' title='bbox 466 2039 611 2106; x_wconf 85' lang='lat' dir='ltr'><strong>subsidia</strong></span> <span class='ocrx_word' id='word_1_143' title='bbox 633 2041 764 2106; x_wconf 92' lang='lat' dir='ltr'><strong>uiuendi</strong></span> <span class='ocrx_word' id='word_1_144' title='bbox 792 2044 1002 2124; x_wconf 88' lang='lat' dir='ltr'><strong>suppeterent</strong></span> <span class='ocrx_word' id='word_1_145' title='bbox 1028 2039 1086 2103; x_wconf 87' lang='lat' dir='ltr'><strong>ali-</strong></span> 
     </span>
     <span class='ocr_line' id='line_1_22' title="bbox 68 2127 1087 2214; baseline -0.002 -22"><span class='ocrx_word' id='word_1_146' title='bbox 68 2127 190 2214; x_wconf 77' lang='lat' dir='ltr'><strong>mentis</strong></span> <span class='ocrx_word' id='word_1_147' title='bbox 214 2127 357 2194; x_wconf 91' lang='lat' dir='ltr'><strong>nondum</strong></span> <span class='ocrx_word' id='word_1_148' title='bbox 381 2151 419 2194; x_wconf 89' lang='lat' dir='ltr'><strong>ex</strong></span> <span class='ocrx_word' id='word_1_149' title='bbox 442 2151 502 2196; x_wconf 86' lang='lat' dir='ltr'><strong>usu</strong></span> <span class='ocrx_word' id='word_1_150' title='bbox 525 2129 704 2194; x_wconf 85' lang='lat' dir='ltr'><strong>translatis.</strong></span> <span class='ocrx_word' id='word_1_151' title='bbox 748 2131 779 2194; x_wconf 87' lang='grc'><strong>4.</strong></span> <span class='ocrx_word' id='word_1_152' title='bbox 798 2129 881 2196; x_wconf 86' lang='lat' dir='ltr'><strong>unde</strong></span> <span class='ocrx_word' id='word_1_153' title='bbox 895 2128 1030 2194; x_wconf 88' lang='lat' dir='ltr'><strong>Rufinus</strong></span> <span class='ocrx_word' id='word_1_154' title='bbox 1048 2150 1087 2191; x_wconf 90' lang='lat' dir='ltr'><strong>ea</strong></span> 
     </span>
     <span class='ocr_line' id='line_1_23' title="bbox 68 2217 1086 2302; baseline -0.001 -23"><span class='ocrx_word' id='word_1_155' title='bbox 68 2219 267 2301; x_wconf 88' lang='lat' dir='ltr'><strong>tempestate</strong></span> <span class='ocrx_word' id='word_1_156' title='bbox 298 2217 482 2301; x_wconf 83' lang='lat' dir='ltr'><strong>praefectus</strong></span> <span class='ocrx_word' id='word_1_157' title='bbox 514 2217 678 2302; x_wconf 86' lang='lat' dir='ltr'><strong>praetorio</strong></span> <span class='ocrx_word' id='word_1_158' title='bbox 708 2218 749 2284; x_wconf 89' lang='lat' dir='ltr'><strong>ad</strong></span> <span class='ocrx_word' id='word_1_159' title='bbox 777 2218 950 2284; x_wconf 84' lang='lat' dir='ltr'><strong>discrimen</strong></span> <span class='ocrx_word' id='word_1_160' title='bbox 976 2221 1086 2280; x_wconf 90' lang='lat' dir='ltr'><strong>trusus</strong></span> 
     </span>
     <span class='ocr_line' id='line_1_24' title="bbox 70 2305 1087 2392; baseline -0.001 -25"><span class='ocrx_word' id='word_1_161' title='bbox 70 2310 118 2370; x_wconf 89' lang='lat' dir='ltr'><strong>est</strong></span> <span class='ocrx_word' id='word_1_162' title='bbox 142 2305 306 2372; x_wconf 90' lang='lat' dir='ltr'><strong>ultimum.</strong></span> <span class='ocrx_word' id='word_1_163' title='bbox 334 2307 382 2372; x_wconf 91' lang='lat' dir='ltr'><strong>ire</strong></span> <span class='ocrx_word' id='word_1_164' title='bbox 405 2308 492 2375; x_wconf 80' lang='lat' dir='ltr'><strong>enim</strong></span> <span class='ocrx_word' id='word_1_165' title='bbox 514 2307 584 2392; x_wconf 88' lang='lat' dir='ltr'><strong>ipse</strong></span> <span class='ocrx_word' id='word_1_166' title='bbox 608 2307 852 2391; x_wconf 88' lang='lat' dir='ltr'><strong>conpellebatur</strong></span> <span class='ocrx_word' id='word_1_167' title='bbox 875 2306 916 2372; x_wconf 90' lang='lat' dir='ltr'><strong>ad</strong></span> <span class='ocrx_word' id='word_1_168' title='bbox 939 2305 1087 2386; x_wconf 91' lang='lat' dir='ltr'><strong>militem,</strong></span> 
     </span>
     <span class='ocr_line' id='line_1_25' title="bbox 70 2393 1088 2480; baseline -0.003 -22"><span class='ocrx_word' id='word_1_169' title='bbox 70 2416 168 2478; x_wconf 90' lang='lat' dir='ltr'><strong>quem</strong></span> <span class='ocrx_word' id='word_1_170' title='bbox 196 2395 388 2480; x_wconf 81' lang='lat' dir='ltr'><strong>exagitabat</strong></span> <span class='ocrx_word' id='word_1_171' title='bbox 414 2396 525 2479; x_wconf 86' lang='lat' dir='ltr'><strong>inopia</strong></span> <span class='ocrx_word' id='word_1_172' title='bbox 554 2395 651 2462; x_wconf 90' lang='lat' dir='ltr'><strong>simul</strong></span> <span class='ocrx_word' id='word_1_173' title='bbox 680 2400 713 2460; x_wconf 90' lang='lat' dir='ltr'><strong>et</strong></span> <span class='ocrx_word' id='word_1_174' title='bbox 740 2396 869 2478; x_wconf 76' lang='lat' dir='ltr'><strong>soritae,</strong></span> <span class='ocrx_word' id='word_1_175' title='bbox 904 2398 937 2457; x_wconf 89' lang='lat' dir='ltr'><strong>et</strong></span> <span class='ocrx_word' id='word_1_176' title='bbox 964 2393 1088 2476; x_wconf 88' lang='lat' dir='ltr'><strong>alioqui</strong></span> 
     </span>
     <span class='ocr_line' id='line_1_26' title="bbox 34 2483 1088 2570; baseline -0.002 -24"><span class='ocrx_word' id='word_1_177' title='bbox 34 2508 58 2548; x_wconf 77' lang='lat' dir='ltr'><strong>a</strong></span> <span class='ocrx_word' id='word_1_178' title='bbox 71 2483 193 2550; x_wconf 87' lang='lat' dir='ltr'><strong>coalito</strong></span> <span class='ocrx_word' id='word_1_179' title='bbox 216 2505 307 2552; x_wconf 87' lang='lat' dir='ltr'><strong>more</strong></span> <span class='ocrx_word' id='word_1_180' title='bbox 330 2484 366 2550; x_wconf 89' lang='lat' dir='ltr'><strong>in</strong></span> <span class='ocrx_word' id='word_1_181' title='bbox 387 2484 570 2553; x_wconf 85' lang='lat' dir='ltr'><strong>ordinarias</strong></span> <span class='ocrx_word' id='word_1_182' title='bbox 585 2485 762 2570; x_wconf 80' lang='lat' dir='ltr'><strong>dignitates</strong></span> <span class='ocrx_word' id='word_1_183' title='bbox 787 2504 938 2568; x_wconf 89' lang='lat' dir='ltr'><strong>asperum</strong></span> <span class='ocrx_word' id='word_1_184' title='bbox 961 2503 1088 2565; x_wconf 89' lang='lat' dir='ltr'><strong>semper</strong></span> 
     </span>
     <span class='ocr_line' id='line_1_27' title="bbox 72 2570 1087 2660; baseline 0.001 -26"><span class='ocrx_word' id='word_1_185' title='bbox 72 2576 103 2635; x_wconf 87' lang='lat' dir='ltr'><strong>et</strong></span> <span class='ocrx_word' id='word_1_186' title='bbox 126 2593 273 2660; x_wconf 80' lang='lat' dir='ltr'><strong>saeuum⁷</strong></span> <span class='ocrx_word' id='word_1_187' title='bbox 295 2575 333 2638; x_wconf 91' lang='lat' dir='ltr'><strong>ut</strong></span> <span class='ocrx_word' id='word_1_188' title='bbox 356 2573 560 2643; x_wconf 80' lang='lat' dir='ltr'><strong>satisfaceret</strong></span> <span class='ocrx_word' id='word_1_189' title='bbox 573 2577 671 2659; x_wconf 90' lang='lat' dir='ltr'><strong>atque</strong></span> <span class='ocrx_word' id='word_1_190' title='bbox 694 2576 901 2657; x_wconf 85' lang='lat' dir='ltr'><strong>monstraret,</strong></span> <span class='ocrx_word' id='word_1_191' title='bbox 925 2593 1022 2656; x_wconf 86' lang='lat' dir='ltr'><strong>quam</strong></span> <span class='ocrx_word' id='word_1_192' title='bbox 1045 2570 1087 2636; x_wconf 91' lang='lat' dir='ltr'><strong>ob</strong></span> 
     </span>
     <span class='ocr_line' id='line_1_28' title="bbox 71 2661 1089 2747; baseline -0.001 -23"><span class='ocrx_word' id='word_1_193' title='bbox 71 2683 204 2728; x_wconf 85' lang='lat' dir='ltr'><strong>causam</strong></span> <span class='ocrx_word' id='word_1_194' title='bbox 228 2683 376 2730; x_wconf 84' lang='lat' dir='ltr'><strong>annonae</strong></span> <span class='ocrx_word' id='word_1_195' title='bbox 400 2662 566 2728; x_wconf 90' lang='lat' dir='ltr'><strong>conuectio</strong></span> <span class='ocrx_word' id='word_1_196' title='bbox 591 2663 635 2728; x_wconf 90' lang='lat' dir='ltr'><strong>sit</strong></span> <span class='ocrx_word' id='word_1_197' title='bbox 657 2663 811 2747; x_wconf 88' lang='lat' dir='ltr'><strong>inpedita.</strong></span> <span class='ocrx_word' id='word_1_198' title='bbox 842 2662 871 2728; x_wconf 80' lang='lat'><strong>5.</strong></span> <span class='ocrx_word' id='word_1_199' title='bbox 886 2661 972 2746; x_wconf 89' lang='lat' dir='ltr'><strong>quod</strong></span> <span class='ocrx_word' id='word_1_200' title='bbox 990 2681 1089 2743; x_wconf 87' lang='lat' dir='ltr'><strong>opera</strong></span> 
     </span>
     <span class='ocr_line' id='line_1_29' title="bbox 72 2751 1088 2836; baseline -0.002 -22"><span class='ocrx_word' id='word_1_201' title='bbox 72 2751 222 2817; x_wconf 86' lang='lat' dir='ltr'><strong>consulta</strong></span> <span class='ocrx_word' id='word_1_202' title='bbox 245 2751 454 2836; x_wconf 79' lang='lat' dir='ltr'><strong>cogitabatur</strong></span> <span class='ocrx_word' id='word_1_203' title='bbox 477 2755 594 2836; x_wconf 86' lang='lat' dir='ltr'><strong>astute,</strong></span> <span class='ocrx_word' id='word_1_204' title='bbox 617 2756 653 2820; x_wconf 86' lang='lat' dir='ltr'><strong>ut</strong></span> <span class='ocrx_word' id='word_1_205' title='bbox 676 2751 738 2818; x_wconf 92' lang='lat' dir='ltr'><strong>hoc</strong></span> <span class='ocrx_word' id='word_1_206' title='bbox 761 2751 952 2818; x_wconf 85' lang='lat' dir='ltr'><strong>insidiarum</strong></span> <span class='ocrx_word' id='word_1_207' title='bbox 970 2769 1088 2834; x_wconf 78' lang='lat' dir='ltr'><strong>genere</strong></span> 
     </span>
     <span class='ocr_line' id='line_1_30' title="bbox 72 2838 1090 2925; baseline -0.003 -23"><span class='ocrx_word' id='word_1_208' title='bbox 72 2838 161 2904; x_wconf 88' lang='lat' dir='ltr'><strong>Gelli</strong></span> <span class='ocrx_word' id='word_1_209' title='bbox 182 2841 309 2925; x_wconf 88' lang='lat' dir='ltr'><strong>periret</strong></span> <span class='ocrx_word' id='word_1_210' title='bbox 323 2841 511 2925; x_wconf 87' lang='lat' dir='ltr'><strong>auunculus,</strong></span> <span class='ocrx_word' id='word_1_211' title='bbox 532 2861 573 2904; x_wconf 90' lang='lat' dir='ltr'><strong>ne</strong></span> <span class='ocrx_word' id='word_1_212' title='bbox 588 2861 662 2914; x_wconf 84' lang='lat' dir='ltr'><strong>eum</strong></span> <span class='ocrx_word' id='word_1_213' title='bbox 681 2843 717 2905; x_wconf 93' lang='lat' dir='ltr'><strong>ut</strong></span> <span class='ocrx_word' id='word_1_214' title='bbox 739 2844 936 2925; x_wconf 88' lang='lat' dir='ltr'><strong>praepotens</strong></span> <span class='ocrx_word' id='word_1_215' title='bbox 959 2840 1090 2903; x_wconf 89' lang='lat' dir='ltr'><strong>acueret</strong></span> 
     </span>
     <span class='ocr_line' id='line_1_31' title="bbox 35 2928 1094 3014; baseline -0.004 -22"><span class='ocrx_word' id='word_1_216' title='bbox 35 2954 60 2992; x_wconf 80' lang='lat' dir='ltr'><strong>eo</strong></span> <span class='ocrx_word' id='word_1_217' title='bbox 73 2928 106 2992; x_wconf 91' lang='lat' dir='ltr'><strong>in</strong></span> <span class='ocrx_word' id='word_1_218' title='bbox 132 2929 289 2994; x_wconf 86' lang='lat' dir='ltr'><strong>fiduciam</strong></span> <span class='ocrx_word' id='word_1_219' title='bbox 317 2930 457 2994; x_wconf 85' lang='lat' dir='ltr'><strong>exitiosa</strong></span> <span class='ocrx_word' id='word_1_220' title='bbox 485 2933 700 3014; x_wconf 88' lang='lat' dir='ltr'><strong>coeptantem.</strong></span> <span class='ocrx_word' id='word_1_221' title='bbox 746 2952 858 2996; x_wconf 90' lang='lat' dir='ltr'><strong>uerum</strong></span> <span class='ocrx_word' id='word_1_222' title='bbox 889 2931 1012 2994; x_wconf 86' lang='lat' dir='ltr'><strong>nauata</strong></span> <span class='ocrx_word' id='word_1_223' title='bbox 1040 2929 1094 2988; x_wconf 83' lang='lat' dir='ltr'><strong>cst</strong></span> 
     </span>
    </p>
   </div>
   <div class='ocr_carea' id='block_1_3' title="bbox 141 3187 1090 3313">
    <p class='ocr_par' dir='ltr' id='par_1_3' title="bbox 141 3187 1090 3313">
     <span class='ocr_line' id='line_1_32' title="bbox 141 3187 1090 3313; baseline -0.005 -68"><span class='ocrx_word' id='word_1_224' title='bbox 141 3190 413 3313; x_wconf 59' lang='lat' dir='ltr'><strong>aneAprofessionis</strong></span> <span class='ocrx_word' id='word_1_225' title='bbox 431 3193 482 3262; x_wconf 82' lang='lat' dir='ltr'><strong>bpa</strong></span> <span class='ocrx_word' id='word_1_226' title='bbox 508 3207 560 3247; x_wconf 89' lang='lat' dir='ltr'><strong>nec</strong></span> <span class='ocrx_word' id='word_1_227' title='bbox 578 3191 765 3262; x_wconf 84' lang='lat' dir='ltr'><strong>professiones</strong></span> <span class='ocrx_word' id='word_1_228' title='bbox 785 3191 837 3246; x_wconf 89' lang='lat' dir='ltr'><strong>VP</strong></span> <span class='ocrx_word' id='word_1_229' title='bbox 905 3198 920 3246; x_wconf 79' lang='grc'>3</span> <span class='ocrx_word' id='word_1_230' title='bbox 939 3189 1015 3260; x_wconf 90' lang='lat' dir='ltr'><strong>quod</strong></span> <span class='ocrx_word' id='word_1_231' title='bbox 1033 3187 1090 3242; x_wconf 87' lang='lat' dir='ltr'><strong>eui-</strong></span> 
     </span>
    </p>
   </div>
   <div class='ocr_carea' id='block_1_4' title="bbox 74 3255 1119 3736">
    <p class='ocr_par' dir='ltr' id='par_1_4' title="bbox 74 3255 1119 3736">
     <span class='ocr_line' id='line_1_33' title="bbox 74 3255 1090 3330; baseline -0.003 -19"><span class='ocrx_word' id='word_1_232' title='bbox 74 3257 192 3314; x_wconf 80' lang='lat' dir='ltr'><strong>tandam</strong></span> <span class='ocrx_word' id='word_1_233' title='bbox 257 3259 335 3329; x_wconf 90' lang='lat' dir='ltr'><strong>quod</strong></span> <span class='ocrx_word' id='word_1_234' title='bbox 353 3259 492 3314; x_wconf 86' lang='lat' dir='ltr'><strong>enitatum</strong></span> <span class='ocrx_word' id='word_1_235' title='bbox 511 3261 543 3330; x_wconf 78' lang='lat' dir='ltr'><strong>bp</strong></span> <span class='ocrx_word' id='word_1_236' title='bbox 560 3259 637 3328; x_wconf 88' lang='lat' dir='ltr'><strong>quod</strong></span> <span class='ocrx_word' id='word_1_237' title='bbox 653 3259 823 3314; x_wconf 84' lang='lat' dir='ltr'><strong>saeuitatnm</strong></span> <span class='ocrx_word' id='word_1_238' title='bbox 844 3257 896 3313; x_wconf 90' lang='lat' dir='ltr'><strong>VP</strong></span> <span class='ocrx_word' id='word_1_239' title='bbox 938 3258 1016 3311; x_wconf 74' lang='lat' dir='ltr'><strong>tter</strong></span> <span class='ocrx_word' id='word_1_240' title='bbox 1038 3255 1090 3308; x_wconf 88' lang='lat' dir='ltr'><strong>Va-</strong></span> 
     </span>
     <span class='ocr_line' id='line_1_34' title="bbox 75 3324 1090 3397; baseline -0.003 -18"><span class='ocrx_word' id='word_1_241' title='bbox 75 3327 282 3384; x_wconf 60' lang='lat' dir='ltr'><strong>taeniarum</strong></span> <span class='ocrx_word' id='word_1_242' title='bbox 297 3325 401 3397; x_wconf 74' lang='lat' dir='ltr'><strong>VPbpa</strong></span> <span class='ocrx_word' id='word_1_243' title='bbox 436 3325 654 3383; x_wconf 78' lang='lat' dir='ltr'><strong>Gundomadum</strong></span> <span class='ocrx_word' id='word_1_244' title='bbox 667 3327 722 3382; x_wconf 77' lang='lat' dir='ltr'><strong>GA</strong></span> <span class='ocrx_word' id='word_1_245' title='bbox 738 3325 942 3397; x_wconf 77' lang='lat' dir='ltr'><strong>gundoundnm</strong></span> <span class='ocrx_word' id='word_1_246' title='bbox 957 3324 984 3378; x_wconf 98' lang='lat' dir='ltr'><strong><em>V</em></strong></span> <span class='ocrx_word' id='word_1_247' title='bbox 1015 3329 1090 3378; x_wconf 78' lang='lat' dir='ltr'><strong>Sex·</strong></span> 
     </span>
     <span class='ocr_line' id='line_1_35' title="bbox 76 3391 1091 3463; baseline -0.003 -16"><span class='ocrx_word' id='word_1_248' title='bbox 76 3410 158 3448; x_wconf 74' lang='lat' dir='ltr'><strong>cursa</strong></span> <span class='ocrx_word' id='word_1_249' title='bbox 171 3394 224 3450; x_wconf 67' lang='grc' dir='ltr'><strong>ΥΡ</strong></span> <span class='ocrx_word' id='word_1_250' title='bbox 260 3401 291 3450; x_wconf 89' lang='grc'><strong>11</strong></span> <span class='ocrx_word' id='word_1_251' title='bbox 306 3395 426 3452; x_wconf 78' lang='lat' dir='ltr'><strong>Aruerni</strong></span> <span class='ocrx_word' id='word_1_252' title='bbox 442 3395 547 3450; x_wconf 85' lang='lat' dir='ltr'><strong>imbres</strong></span> <span class='ocrx_word' id='word_1_253' title='bbox 560 3394 586 3449; x_wconf 77' lang='lat' dir='ltr'><strong>G</strong></span> <span class='ocrx_word' id='word_1_254' title='bbox 598 3394 790 3450; x_wconf 86' lang='lat' dir='ltr'><strong>auernimbres</strong></span> <span class='ocrx_word' id='word_1_255' title='bbox 806 3395 833 3449; x_wconf 89' lang='lat' dir='ltr'><strong><em>V</em></strong></span> <span class='ocrx_word' id='word_1_256' title='bbox 841 3409 926 3463; x_wconf 67' lang='lat' dir='ltr'><strong>curm</strong></span> <span class='ocrx_word' id='word_1_257' title='bbox 938 3391 1052 3448; x_wconf 79' lang='lat' dir='ltr'><strong>umbros</strong></span> <span class='ocrx_word' id='word_1_258' title='bbox 1063 3391 1091 3444; x_wconf 94' lang='lat' dir='ltr'><strong><em>P</em></strong></span> 
     </span>
     <span class='ocr_line' id='line_1_36' title="bbox 78 3458 1119 3535; baseline -0.001 -21"><span class='ocrx_word' id='word_1_259' title='bbox 78 3467 107 3515; x_wconf 74' lang='lat'><strong>12</strong></span> <span class='ocrx_word' id='word_1_260' title='bbox 124 3463 260 3532; x_wconf 82' lang='lat' dir='ltr'><strong>auctique</strong></span> <span class='ocrx_word' id='word_1_261' title='bbox 280 3462 307 3518; x_wconf 81' lang='lat' dir='ltr'><strong>G</strong></span> <span class='ocrx_word' id='word_1_262' title='bbox 325 3463 452 3532; x_wconf 75' lang='lat' dir='ltr'><strong>enitique</strong></span> <span class='ocrx_word' id='word_1_263' title='bbox 473 3462 526 3518; x_wconf 87' lang='lat' dir='ltr'><strong>VP</strong></span> <span class='ocrx_word' id='word_1_264' title='bbox 585 3461 723 3516; x_wconf 72' lang='lat' dir='ltr'><strong>torrentes</strong></span> <span class='ocrx_word' id='word_1_265' title='bbox 745 3462 771 3515; x_wconf 88' lang='lat' dir='ltr'><strong><em>V</em></strong></span> <span class='ocrx_word' id='word_1_266' title='bbox 831 3470 862 3516; x_wconf 76' lang='lat'><strong>12</strong></span> <span class='ocrx_word' id='word_1_267' title='bbox 875 3458 1091 3535; x_wconf 70' lang='grc' dir='ltr'><strong><em>Ἑρκουιιανρς</em></strong></span> <span class='ocrx_word' id='word_1_268' title='bbox 1118 3467 1119 3471; x_wconf 77' lang='grc'>’</span> 
     </span>
     <span class='ocr_line' id='line_1_37' title="bbox 79 3525 1092 3600; baseline -0.007 -16"><span class='ocrx_word' id='word_1_269' title='bbox 79 3528 217 3587; x_wconf 57' lang='lat' dir='ltr'><strong>maus</strong></span> <span class='ocrx_word' id='word_1_270' title='bbox 234 3547 277 3599; x_wconf 80' lang='lat' dir='ltr'><strong>ep.</strong></span> <span class='ocrx_word' id='word_1_271' title='bbox 292 3533 348 3585; x_wconf 72' lang='lat'><strong>724</strong></span> <span class='ocrx_word' id='word_1_272' title='bbox 404 3535 435 3586; x_wconf 82' lang='lat'><strong>14</strong></span> <span class='ocrx_word' id='word_1_273' title='bbox 452 3531 485 3586; x_wconf 89' lang='lat' dir='ltr'><strong>nt</strong></span> <span class='ocrx_word' id='word_1_274' title='bbox 502 3529 645 3600; x_wconf 82' lang='lat' dir='ltr'><strong>quondam</strong></span> <span class='ocrx_word' id='word_1_275' title='bbox 666 3529 692 3583; x_wconf 89' lang='lat' dir='ltr'><strong><em>V</em></strong></span> <span class='ocrx_word' id='word_1_276' title='bbox 742 3535 774 3584; x_wconf 82' lang='lat' dir='ltr'><strong>1s</strong></span> <span class='ocrx_word' id='word_1_277' title='bbox 791 3529 900 3586; x_wconf 86' lang='lat' dir='ltr'><strong>damnis</strong></span> <span class='ocrx_word' id='word_1_278' title='bbox 919 3529 972 3596; x_wconf 70' lang='lat' dir='ltr'><strong>buo</strong></span> <span class='ocrx_word' id='word_1_279' title='bbox 990 3525 1092 3584; x_wconf 79' lang='lat' dir='ltr'><strong>domis—</strong></span> 
     </span>
     <span class='ocr_line' id='line_1_38' title="bbox 78 3592 1092 3677; baseline -0.012 -21"><span class='ocrx_word' id='word_1_280' title='bbox 78 3613 147 3664; x_wconf 73' lang='lat' dir='ltr'><strong>,qpae</strong></span> <span class='ocrx_word' id='word_1_281' title='bbox 168 3599 195 3654; x_wconf 88' lang='lat' dir='ltr'><strong><em>V</em></strong></span> <span class='ocrx_word' id='word_1_282' title='bbox 211 3599 314 3654; x_wconf 84' lang='lat' dir='ltr'><strong>domus</strong></span> <span class='ocrx_word' id='word_1_283' title='bbox 329 3599 358 3654; x_wconf 86' lang='lat' dir='ltr'><em>P</em></span> <span class='ocrx_word' id='word_1_284' title='bbox 394 3605 425 3652; x_wconf 83' lang='grc'><strong>17</strong></span> <span class='ocrx_word' id='word_1_285' title='bbox 443 3597 666 3677; x_wconf 83' lang='lat' dir='ltr'><strong>quamquamdiu</strong></span> <span class='ocrx_word' id='word_1_286' title='bbox 687 3597 739 3650; x_wconf 92' lang='lat' dir='ltr'><strong>VP</strong></span> <span class='ocrx_word' id='word_1_287' title='bbox 771 3603 801 3651; x_wconf 77' lang='lat'><strong>19</strong></span> <span class='ocrx_word' id='word_1_288' title='bbox 820 3603 845 3652; x_wconf 82' lang='lat' dir='ltr'><strong>et</strong></span> <span class='ocrx_word' id='word_1_289' title='bbox 858 3611 889 3663; x_wconf 83' lang='lat' dir='ltr'><strong>p.</strong></span> <span class='ocrx_word' id='word_1_290' title='bbox 902 3598 944 3659; x_wconf 75' lang='lat'><strong>34,</strong></span> <span class='ocrx_word' id='word_1_291' title='bbox 963 3600 978 3646; x_wconf 79' lang='lat'><strong>2</strong></span> <span class='ocrx_word' id='word_1_292' title='bbox 996 3592 1092 3659; x_wconf 72' lang='lat' dir='ltr'><strong>cabyl-</strong></span> 
     </span>
     <span class='ocr_line' id='line_1_39' title="bbox 81 3663 771 3736; baseline 0 -19"><span class='ocrx_word' id='word_1_293' title='bbox 81 3665 143 3721; x_wconf 88' lang='lat' dir='ltr'><strong>lona</strong></span> <span class='ocrx_word' id='word_1_294' title='bbox 162 3667 189 3720; x_wconf 90' lang='lat' dir='ltr'><strong><em>V</em></strong></span> <span class='ocrx_word' id='word_1_295' title='bbox 207 3667 286 3736; x_wconf 79' lang='lat' dir='ltr'><strong>(fort.</strong></span> <span class='ocrx_word' id='word_1_296' title='bbox 305 3666 355 3734; x_wconf 78' lang='lat' dir='ltr'><strong>rc.)</strong></span> <span class='ocrx_word' id='word_1_297' title='bbox 424 3673 457 3720; x_wconf 79' lang='lat'><strong>29</strong></span> <span class='ocrx_word' id='word_1_298' title='bbox 476 3663 551 3720; x_wconf 76' lang='lat' dir='ltr'><strong>Galli</strong></span> <span class='ocrx_word' id='word_1_299' title='bbox 571 3665 597 3719; x_wconf 84' lang='lat' dir='ltr'><strong>G</strong></span> <span class='ocrx_word' id='word_1_300' title='bbox 613 3665 681 3720; x_wconf 88' lang='lat' dir='ltr'><strong>talis</strong></span> <span class='ocrx_word' id='word_1_301' title='bbox 702 3663 771 3718; x_wconf 87' lang='lat' dir='ltr'><strong>VPa</strong></span> 
     </span>
    </p>
   </div>
   <div class='ocr_carea' id='block_1_5' title="bbox 128 3753 931 3806">
    <p class='ocr_par' dir='ltr' id='par_1_5' title="bbox 128 3753 931 3806">
     <span class='ocr_line' id='line_1_40' title="bbox 128 3753 931 3806; baseline -0.01 0"><span class='ocrx_word' id='word_1_302' title='bbox 128 3761 266 3806; x_wconf 73' lang='lat' dir='ltr'><strong>mum</strong></span> <span class='ocrx_word' id='word_1_303' title='bbox 280 3763 464 3805; x_wconf 68' lang='lat' dir='ltr'><strong>mseriarum.</strong></span> <span class='ocrx_word' id='word_1_304' title='bbox 916 3753 931 3798; x_wconf 84' lang='lat'><strong>3</strong></span> 
     </span>
    </p>
   </div>
   <div class='ocr_carea' id='block_1_6' title="bbox 0 0 1283 3922">
    <p class='ocr_par' dir='ltr' id='par_1_6' title="bbox 0 0 1283 3922">
     <span class='ocr_line' id='line_1_41' title="bbox 0 0 1283 3922; baseline 0 0"><span class='ocrx_word' id='word_1_305' title='bbox 0 0 1283 3922; x_wconf 95' lang='lat' dir='ltr'><strong> </strong></span> 
     </span>
    </p>
   </div>
  </div>
 </body>
</html>
