2430 3928
122 169 162 235 76
480 170 532 224 XV
551 176 592 237 13,
611 169 727 224 3-le
748 176 770 235 l,
789 175 805 224 ὃ

122 313 324 400 Strategium
355 315 547 396 dictitatum,
580 316 612 376 et
644 335 683 377 ex
715 334 753 376 eo
785 312 946 396 percursis
979 311 1145 374 honorum

123 403 276 488 gradibus
291 405 403 469 multis
419 403 563 468 aseendit
580 402 620 467 ad
642 401 887 486 praefecturam,
909 400 1051 484 prudens
1077 399 1146 464 alia

121 493 368 578 tolerabilisque
400 492 577 578 prouinciis
607 495 652 560 et
665 490 754 554 mitis
783 494 816 554 et
847 489 984 554 blandus
1018 489 1076 553 sed
1104 509 1145 551 ex

123 583 270 664 qualibet
292 583 460 648 occasione
483 581 686 664 maximeque
710 601 749 644 ex
773 579 989 644 controuersis
1018 577 1146 660 litibus,

123 673 209 754 quod
222 673 397 736 nefandum
411 675 469 754 est,
492 673 525 735 et
547 671 583 735 in
604 673 711 734 totum
733 667 880 734 lucrandi
895 667 1051 732 auiditate
1075 687 1171 730 sor-r

123 759 264 844 descens,
286 764 323 824 ut
336 761 421 826 inter
436 760 502 824 alia
519 760 623 823 multa
637 757 801 822 euidenter
816 757 967 842 apparuit
988 757 1023 820 in
1046 776 1146 840 quae-

123 850 284 914 stionibus
314 851 446 934 agitatis
476 867 571 932 super
598 851 702 912 morte
727 846 904 930 Theophili
928 844 1039 930 Syriae
1069 866 1146 909 con-

124 939 254 1021 sularis,
282 940 466 1022 proditione
490 936 638 1002 Caesaris
663 935 765 1020 Galli,
792 936 914 1020 impetu
939 935 1045 1019 plebis
1068 955 1146 1017 pro—

124 1028 264 1092 miscuae
289 1027 452 1111 discerpti,
474 1027 530 1090 ubi
550 1025 710 1090 damnatis
734 1025 939 1109 pauperibus,
963 1045 1043 1108 quos
1067 1044 1146 1086 eum

123 1116 203 1180 haec
228 1119 411 1199 agerentur,
433 1135 568 1200 peregre
591 1115 691 1179 fuisse
715 1114 894 1198 constabat,
918 1117 1063 1178 auctores
1078 1110 1146 1174 diri
1161 1134 1184 1171 ιο

124 1205 278 1270 facinoris
303 1205 408 1270 exutis
430 1204 636 1288 patrimoniis
662 1202 804 1267 absoluti
827 1206 903 1267 sunt
925 1201 1052 1266 diuites.

215 1294 244 1358 3.
253 1293 349 1358 Hunc
363 1293 504 1377 Prosper
519 1293 728 1376 adaequabat,
741 1314 800 1377 pro
815 1292 974 1376 magistro
989 1291 1146 1374 equitnm,

125 1387 243 1467 agente
266 1384 366 1448 etiam
394 1386 462 1447 tum
490 1383 525 1446 in
548 1381 675 1465 Galliis,
702 1381 842 1445 militem
865 1401 990 1464 regens,
1018 1378 1146 1444 abiecte

125 1472 263 1555 ignauus
288 1477 329 1554 et,
352 1475 388 1536 ut
411 1466 458 1536 ait
481 1471 630 1554 comicus,
654 1474 722 1534 arte
737 1470 888 1554 despecta
910 1469 1071 1532 furtorum
1093 1490 1146 1532 ra-

125 1583 261 1749 preps4p
252 1562 607 1725 blisalllloraanubus
616 1652 790 1732 mutuaque
799 1648 992 1712 commercia
997 1645 1147 1710 uicissim
1160 1583 1184 1619 10

127 1739 190 1800 Slbl
214 1738 415 1802 conciliando
440 1737 646 1821 locupletatis
661 1736 785 1801 Persici
809 1737 903 1802 duces
918 1735 1018 1800 uicini
1040 1735 1147 1799 flumi-

125 1825 221 1888 nibus
245 1846 322 1911 rege
346 1827 380 1890 in
403 1827 528 1891 ultimis
552 1830 712 1890 terrarum
735 1849 866 1890 suarum
888 1825 1038 1889 terminis
1053 1845 1147 1888 oceu-

125 1917 203 1996 pato
231 1937 288 1997 per
314 1916 536 1999 praedatorios
565 1915 681 1999 globos
708 1919 821 1980 nostra
847 1916 1023 1997 uexabant,
1060 1935 1148 1977 nuno

126 2001 324 2085 Armeniam,
352 2005 546 2089 aliquotiens
570 2004 840 2088 Mesopotamiam
863 2003 1075 2068 confidentius
1099 2002 1147 2066 in-
1161 2027 1186 2065 eo

127 2097 293 2157 cursantes
308 2093 464 2158 Pcomanis
480 2093 666 2158 ductoribus
691 2093 731 2157 ad
755 2093 954 2178 colligendas
974 2091 1148 2156 oboedien-

126 2181 209 2244 tium
233 2184 372 2248 exuuias.
389 2183 562 2267 occupatis.

496 2448 664 2514 LIBER
696 2447 777 2512 XVI

154 2605 179 2656 1.
198 2603 310 2657 Inliane‘
330 2604 458 2660 Caesaris
476 2605 546 2660 lans.
730 2609 845 2660 easatar
862 2609 887 2658 et
905 2605 1072 2660 absolar'tnr.

148 2672 174 2723 2.
196 2669 330 2726 Ialianns
345 2672 421 2728 Caes.
434 2673 608 2745 Alamannos
683 2679 709 2728 7.
729 2673 865 2728 Inlianns
891 2672 993 2728 Caesar
1019 2691 1038 2726 a
1059 2688 1145 2740 prae-

195 2739 462 2806 acernaacerna,
490 2741 565 2808 capit
583 2747 608 2794 et
725 2742 817 2809 posito
826 2741 947 2796 cableale’
954 2741 1000 2795 snt
1008 2740 1149 2794 Eutherio

194 2807 228 2872 sn
245 2813 283 2864 at.
729 2810 1005 2877 apneltmperatoreen
1018 2808 1145 2874 defendi-

147 2822 342 2954 avolantem
366 2893 384 2955 a
410 2875 534 2931 Francis
563 2893 607 2956 aa·
729 2883 777 2932 tnr
805 2877 941 2932 adaersns
961 2876 1144 2940 Marcellant5

190 2947 270 3010 plan
286 2948 385 3012 reaptt
408 2949 433 2998 et
450 2959 548 3012 paeon
568 2947 609 3000 tbi
730 2949 792 3003 lans
809 2945 949 3000 Eatbere'e'.

194 3026 256 3090 cena
288 3011 465 3066 Francorum
498 3013 608 3082 reylbns
681 3017 707 3067 8.
728 3014 888 3069 Delationes
927 3018 953 3068 et
988 3010 1146 3066 calamniae

194 3077 272 3142 facet.
728 3083 760 3136 e‘n
782 3083 880 3136 castris
900 3079 1060 3135 Constantii
1082 3079 1144 3132 An-

147 3149 172 3198 t.
190 3145 277 3213 Apnel
311 3145 436 3203 Senonas
473 3150 612 3270 oppidana
728 3150 803 3220 pasti
825 3155 850 3204 et
875 3147 1033 3204 aalicaran
1058 3161 1143 3214 rapa·

194 3215 229 3268 ab
245 3213 414 3270 Alamannis
431 3216 489 3271 obsi
510 3223 577 3276 etnr.
729 3220 807 3274 ettae.

147 3287 172 3337 5.
190 3282 304 3337 Inllane'
326 3281 456 3338 Caesaris
478 3285 606 3340 na'rtntes.
681 3289 706 3340 9.
725 3287 830 3356 Apatna
848 3285 882 3338 ele
899 3301 970 3354 pace
991 3299 1054 3340 enne
1076 3283 1143 3336 Per·

148 3355 173 3406 6.
191 3351 314 3417 Arbetio,
332 3354 380 3407 alr
392 3353 546 3408 consolaris
563 3369 607 3407 aa·
728 3356 774 3409 sis.

194 3565 244 3616 *12
267 3563 341 3618 huno
366 3563 392 3616 G
409 3563 464 3616 hnc
486 3561 572 3617 VPba
590 3562 794 3630 adaequitabat
814 3561 901 3617 VPba
972 3567 1003 3615 14
1018 3561 1143 3615 Plantas

125 3629 247 3697 Epidico
264 3630 278 3684 I
296 3638 320 3698 1,
341 3637 372 3686 10
428 3637 462 3686 20
480 3630 632 3700 aliquoties
652 3631 678 3684 G
695 3630 804 3699 aliquot
825 3629 910 3685 VPba
