2430 3928
155 180 199 245 30
552 178 618 232 XVI
636 183 659 244 a,
679 184 770 246 13-5,
787 184 803 231 4

154 323 346 390 aduentauti
357 322 591 388 Germanorum
605 342 718 387 manus
731 342 874 406 pugnam
889 321 1055 385 intentans
1071 340 1180 383 occur-

156 415 209 478 rit.
249 413 298 489 13.
313 434 448 496 cumque
463 413 497 476 iu
510 413 675 477 bicornem
689 412 828 496 figuram
843 411 911 476 acie
926 410 1032 474 diuisa
1046 409 1179 473 conlato

157 504 239 586 pede
272 524 323 567 res
356 503 412 587 agi
444 503 604 585 coepisset
640 502 803 585 exitioque
835 500 945 565 hostes
981 503 1179 584 urgerentur

159 591 303 675 ancipiti,
327 591 431 675 captis
454 613 521 656 non
543 591 653 674 nullis,
676 592 750 655 aliis
767 591 802 654 in
824 591 895 674 ipso
910 589 1027 674 proelii
1048 587 1179 652 feruore

157 680 316 746 trrmcatis
344 680 466 744 residui
493 681 667 745 discessere
691 679 867 744 celeritatis
896 679 1058 763 praesidio
1087 678 1200 742 tecti⁵

247 769 280 834 3.
290 767 423 834 LNullo
433 771 543 854 itaque
552 774 628 853 post
637 769 717 834 haec
725 773 928 854 repugnante
938 768 979 832 ad
988 789 1178 850 recuperan-

160 860 235 924 dam
258 860 306 924 ire
329 859 454 942 placuit
476 859 694 943 Agrippinam
718 863 792 923 ante
817 856 964 922 Caesaris
993 858 1028 921 in
1050 855 1177 921 Gallias

157 949 332 1013 aduentum
357 949 511 1032 excisam,
539 971 597 1032 per
621 971 701 1033 quos
729 952 853 1012 tractus
875 970 934 1011 neo
963 947 1079 1012 ciuitas
1108 947 1177 1010 ulla

156 1039 275 1102 uisitur
298 1059 356 1101 nec
380 1038 551 1102 castellum
574 1038 639 1101 nisi
662 1038 747 1122 quod
771 1037 854 1120 apud
882 1034 1101 1118 Confluentes,
1130 1037 1177 1098 lo-

157 1148 229 1191 cum
252 1127 300 1190 ita
323 1127 589 1210 cognominatum
612 1127 669 1191 ubi
693 1127 797 1191 amnis
811 1125 951 1190 Mosella
970 1125 1177 1190 coufimditur
1190 1147 1201 1180 11

157 1214 289 1297 Rhene,
312 1214 532 1300 Rigomagum
552 1216 707 1300 oppidum
731 1220 781 1280 est
805 1219 837 1279 ct
859 1238 925 1279 una
946 1237 1047 1298 prope
1070 1215 1176 1298 ipsam

161 1303 332 1369 Coloniam
354 1306 464 1370 tmris.
509 1306 540 1370 2.
563 1306 667 1390 igitur
680 1305 897 1389 Agrippinam
920 1304 1087 1388 ingressus
1110 1325 1176 1368 non

157 1399 233 1459 ante
248 1398 355 1459 motus
380 1399 430 1459 est
445 1395 567 1479 exinde,
583 1417 680 1479 quam
693 1395 892 1458 Francorum
913 1393 1047 1478 regibus
1066 1393 1175 1458 furore

156 1485 347 1548 mitescente
384 1485 568 1567 perterritis
605 1506 719 1567 paoem
755 1484 901 1547 firmaret
937 1483 985 1546 rei
1025 1483 1175 1566 publicae

156 1573 290 1637 interim
313 1574 518 1656 profuturam
542 1578 574 1637 et
596 1574 710 1637 urbem
733 1573 893 1655 reciperet
912 1571 1173 1637 munitissimam.
1188 1589 1206 1627 ιε’»

157 1661 187 1724 3.
204 1661 321 1745 quibus
345 1662 494 1726 uincendi
509 1663 665 1745 primitiis
689 1663 794 1726 laetus
809 1685 866 1746 per
881 1661 1039 1726 Treueros
1053 1661 1174 1726 hiema-

156 1754 249 1813 turus
274 1751 358 1834 apud
373 1749 517 1815 Senonas
532 1752 686 1835 oppidum
705 1755 782 1816 tunc
797 1755 991 1835 oportunum
1007 1751 1173 1817 abscessit.

156 1838 212 1902 ubi
240 1839 401 1902 bellorum
428 1840 654 1905 inundantium
682 1841 802 1906 molem
830 1841 950 1905 umeris
979 1840 1060 1923 suis,
1088 1841 1172 1925 quod

157 1927 288 2009 dicitur,
322 1929 442 1992 uehens
475 1929 682 1994 scindebatur
713 1931 748 1994 iu
779 1929 978 2014 multiplices
1002 1951 1105 2014 curas,
1136 1935 1172 1994 ut

156 2016 277 2081 milites
303 2017 357 2100 qui
382 2041 401 2082 a
425 2019 532 2082 solitis
556 2019 718 2084 desciuere
741 2019 921 2103 praesidiis,
944 2020 1172 2084 reducerentur
1186 2015 1213 2073 ul

155 2106 196 2169 ad
218 2105 290 2170 loca
315 2112 464 2190 suspecta
487 2112 520 2172 et
543 2109 745 2192 conspiratas
770 2112 883 2192 gentes
911 2110 946 2172 in
967 2131 1087 2173 noxam
1109 2107 1172 2172 Ro·
1211 2113 1212 2186 l

155 2195 243 2258 mani
275 2196 417 2260 nominis
445 2196 632 2262 disiectaret
659 2221 695 2262 ac
727 2198 923 2282 prouideret,
950 2219 990 2262 ne
1014 2199 1170 2262 alimenta
1210 2227 1211 2300 p

154 2284 302 2349 deessent
326 2287 481 2350 exercitui
502 2309 560 2370 per
583 2287 676 2351 uaria
698 2288 891 2352 discursuro.

242 2371 276 2438 4.
290 2376 317 2438 1.
327 2373 418 2440 Haeo
429 2375 570 2441 sollicite
580 2380 830 2461 perpensantem
838 2376 971 2442 hostilis
982 2377 1171 2462 adgreditur

153 2463 328 2526 multitudo
353 2465 464 2548 oppidi
488 2466 637 2548 capiundi
662 2489 717 2549 spe
741 2466 776 2529 iu
798 2466 903 2530 maius
927 2488 1074 2550 accensa,
1097 2467 1169 2530 ideo
1184 2441 1209 2528 ul

154 2550 350 2614 confidentes
375 2553 460 2636 quod
488 2555 518 2616 ei
545 2577 604 2619 nec
629 2554 794 2620 Scutarios
818 2556 929 2620 adesse
956 2556 1169 2639 prodentibus

152 2638 296 2721 perfugis
320 2639 507 2725 didicerant,
529 2665 588 2707 nec
603 2644 759 2728 Gentiles,
781 2667 839 2728 per
861 2645 1039 2728 municipia
1061 2645 1170 2709 distri-

152 2726 248 2792 butos
272 2732 309 2791 ut
332 2730 530 2794 commodius
554 2738 769 2799 uescereutur.
815 2757 887 2798 cum
910 2738 1019 2799 autem

241 2865 337 2882 ......
362 2819 391 2882 2.
403 2819 512 2884 clausa
527 2841 605 2906 ergo
620 2824 700 2888 urbe
713 2846 942 2909 murorumque
952 2824 1061 2889 intuta
1074 2827 1167 2908 parte

149 2904 280 2999 firmata
303 2907 372 2991 ipse
397 2930 468 2973 cum
484 2913 619 2977 armatis
639 2913 690 2977 die
703 2918 863 2996 noctuque
877 2914 962 2977 inter
985 2934 1167 2998 propugna-

153 2995 226 3058 cula
253 2996 419 3062 uisebatru
446 3003 479 3062 et
510 3001 641 3085 pinnas,
673 3003 722 3066 ira
755 3003 935 3067 exundante
965 3003 1167 3068 substridens

153 3103 225 3145 oum
249 3105 415 3169 erumpere
439 3111 534 3172 saepe
559 3096 692 3156 conatus
714 3091 878 3175 paucitate
901 3093 1085 3175 praesentis
1102 3115 1190 3156 mas

152 3191 211 3234 nus
235 3171 442 3254 inpediretur.
466 3183 542 3260 post
564 3181 765 3246 tricesimum
788 3179 924 3265 denique
948 3181 1035 3246 diem
1058 3182 1167 3246 abiere

222 3315 354 3387 lmanus
375 3312 401 3365 G
417 3327 468 3367 om.
487 3315 565 3370 codd.
607 3324 688 3371 3sur
709 3319 823 3372 crentur
843 3318 895 3373 VP
929 3321 1026 3390 tagn'
1046 3321 1122 3376 inam
1143 3320 1169 3372 1'

156 3383 186 3430 11
205 3377 367 3457 ngodulum
385 3381 418 3448 tp
476 3389 507 3436 14
525 3383 637 3463 fimare
659 3385 685 3438 V
766 3387 921 3441 nomilites
940 3387 966 3440 G
990 3457 996 3468 ⁵
1016 3389 1121 3444 ''tares
1137 3391 1167 3440 A

153 3445 285 3499 muheres
310 3447 377 3501 VPb
452 3455 484 3503 26
506 3450 690 3520 prodentibus
714 3453 740 3506 G
771 3456 800 3508 et
817 3454 879 3534 ,pde
907 3457 1052 3510 moutrbus
1082 3456 1108 3510 V
1135 3459 1167 3509 et

151 3512 228 3605 qupd
246 3513 281 3567 de
300 3515 443 3569 montibus
455 3517 483 3570 P
517 3524 550 3572 28
568 3536 632 3572 oum
649 3521 745 3575 autem
760 3521 822 3592 [loc.
834 3527 867 3594 ²l,
878 3524 960 3592 uera]
977 3525 1059 3580 VAP
1069 3541 1119 3582 om.
1131 3526 1185 3593 tp·

150 3635 184 3686 29
200 3586 433 3690 'muroruni'urue
452 3641 587 3706 trampus.
610 3639 636 3692 V
