2530 3922
178 197 220 264 46
577 195 630 250 xv
648 202 673 263 1,
692 200 767 262 1-1,
786 201 802 248 1

180 340 365 408 Constantii
387 341 517 406 nomine
544 363 604 424 per
625 339 760 408 orientis
788 343 913 404 tractus
939 359 1049 405 omnes
1073 337 1197 402 abolito

181 434 257 495 ante
280 430 402 495 dictum
416 429 530 495 ducem
553 430 642 494 domi
664 429 810 515 forisque
831 428 1007 494 desiderari
1029 431 1066 492 ut
1089 427 1196 492 formi-

180 519 329 585 dolosum
338 519 489 584 Persicae
500 519 590 603 genti
599 518 776 602 fingebant
791 519 822 583 3.
832 517 888 584 sed
898 521 1011 586 contra
1020 515 1197 582 accidentia

178 610 230 674 uir
265 608 493 692 magnanimus
527 608 638 672 stabat
669 606 865 692 immobilis,
896 629 939 672 na
971 629 1007 673 se
1036 605 1195 692 proiceret

179 697 336 762 abiectius
365 719 490 781 cauens,
522 719 637 781 parum
662 700 735 761 tuto
763 696 836 761 loeo
864 695 1088 762 innocentiam
1111 699 1218 762 stares

178 786 366 866 medullitus
399 806 541 872 gemens,
571 785 696 869 hocque
728 807 793 850 uno
825 785 952 850 tristior
985 783 1069 870 quod
1101 785 1196 849 amici

179 880 254 941 ante
286 876 366 940 haec
398 875 584 960 frequentes
612 874 653 939 ad
683 875 828 958 potiores
860 874 1063 940 desciuerant
1091 877 1130 938 ut
1157 873 1194 938 ad

180 986 380 1030 successores
408 964 591 1028 officiorum
618 985 707 1028 more
739 967 893 1048 poscente
926 965 1032 1028 solent
1058 962 1193 1027 transire

178 1053 319 1118 lictores.
355 1053 386 1117 4.
404 1051 609 1138 inpugnabat
631 1056 741 1116 autem
764 1075 838 1117 eum
859 1075 918 1136 per
941 1053 1035 1118 fictae
1049 1052 1194 1136 benigni-

178 1142 257 1206 tatis
289 1142 470 1206 inlecebras
503 1141 630 1226 collega
662 1145 695 1205 11
730 1141 837 1208 uirum
873 1142 993 1207 fortem
1025 1141 1194 1225 propalam
1208 1161 1232 1199 10

179 1251 274 1315 saepe
293 1230 461 1314 appellans
475 1229 612 1295 Arbetio
629 1230 669 1294 ad
691 1230 899 1296 innectendas
923 1231 1038 1296 letales
1060 1230 1192 1294 insidias

178 1320 266 1384 uitae
281 1319 422 1404 simplici
436 1341 593 1404 perquam
607 1318 728 1384 callens
744 1325 777 1391 at
791 1343 829 1385 ea
847 1323 1042 1405 tempestate
1059 1319 1194 1384 nimium

178 1412 303 1493 potens.
348 1413 385 1473 ut
413 1409 500 1474 enim
527 1408 755 1474 subterraneus
784 1431 915 1494 serpens
947 1409 1093 1474 foramen
1124 1409 1194 1474 sub·

179 1497 286 1562 sidens
320 1498 482 1562 oecultum
515 1498 643 1562 adsultu
677 1498 785 1562 subito
823 1498 970 1584 singulos
1002 1499 1193 1563 transitores

179 1587 357 1651 obseruans
366 1587 510 1670 incessit,
523 1587 571 1650 ita
585 1585 643 1652 ille
653 1586 694 1651 ab
704 1587 771 1652 ima
785 1591 873 1652 sorte
884 1588 984 1653 etiam
992 1591 1070 1672 post
1080 1635 1195 1652 .......
1211 1608 1235 1648 11

178 1674 315 1738 militiae
348 1697 473 1759 munus,
504 1697 564 1740 nec
596 1675 703 1740 laesus
733 1676 906 1760 aliquando
933 1699 993 1742 nea
1025 1676 1196 1741 lacessitus

177 1762 368 1846 inexplebili
400 1763 538 1847 quodam
575 1763 723 1828 laedendi
758 1766 926 1850 proposito
964 1765 1198 1831 conscientiam
1250 1817 1251 1826 ,

178 1851 356 1935 polluebat.
384 1851 414 1916 5.
423 1852 525 1936 igitur
538 1853 650 1936 paucis
666 1875 856 1918 areanorum
865 1855 1038 1938 praefectis
1057 1856 1198 1922 consciis

178 1940 319 2004 latenter
342 1962 416 2005 cum
437 1941 635 2026 imperatore
664 1943 826 2008 sententia
844 1993 974 2008 ........
996 1944 1030 2008 id
1058 1944 1200 2029 sederat,

178 2031 214 2092 ut
235 2033 331 2094 noete
353 2033 492 2094 uentura
512 2031 627 2114 procul
649 2053 669 2095 a
688 2037 860 2116 conspectu
875 2033 1068 2099 militarium
1080 2035 1200 2117 raptus
1213 2037 1250 2094 20³

178 2116 347 2183 Vrsiainus
370 2119 575 2184 indemnatus
599 2119 807 2206 occideretur,
834 2125 872 2186 ut
899 2122 1061 2207 quondam
1082 2121 1200 2187 Domi·

176 2206 241 2270 tius
271 2204 413 2272 Corbulo
441 2207 558 2273 dieitur
586 2229 697 2274 caesus
725 2209 760 2274 in
788 2211 981 2276 conluuione
1009 2211 1069 2275 illa
1091 2209 1200 2277 Nero·
1248 2251 1249 2254 =

175 2295 265 2361 niani
293 2297 423 2381 saeculi,
449 2295 690 2382 prouinciarum
718 2298 800 2367 fidus
828 2299 979 2364 defensor
1006 2303 1040 2364 et
1071 2304 1200 2365 cautus.

177 2385 207 2448 6.
222 2385 338 2468 quibus
352 2387 402 2452 ita
415 2386 592 2470 conpositis
608 2407 681 2450 eum
695 2386 735 2452 ad
748 2387 811 2452 hoa
824 2388 980 2454 destinati
992 2388 1202 2474 praedictum

176 2476 304 2558 tempus
328 2476 562 2559 opperirentur,
586 2476 721 2540 consilio
748 2476 783 2540 in
805 2477 1018 2544 lenitudinem
1040 2477 1124 2542 flexo
1151 2479 1202 2544 fa·
1216 2501 1248 2550 11,

176 2561 266 2713 cinps
289 2563 426 2646 impium
440 2564 480 2628 ad
499 2564 765 2630 deliberationem
780 2566 952 2631 secundam
966 2567 1088 2634 differri
1102 2590 1202 2652 prae·
1247 2555 1248 2612 1

176 2671 210 2712 11
249 2673 304 2714 um
328 2655 387 2715 est.
1126 2663 1129 2670 '

211 2671 233 2732 p
266 2739 294 2802 7.
308 2739 450 2824 Indeque
464 2739 677 2806 adIulianum
690 2764 802 2808 recens
816 2745 1006 2829 perductum
1017 2746 1202 2813 calumnia·
1246 2765 1247 2833 1

173 2849 247 2890 rum
269 2829 409 2893 uertitur
431 2828 581 2894 maehina
595 2832 842 2898 memorabilem
863 2839 979 2917 postea
1001 2834 1202 2922 principem,

175 2915 305 2998 gemino
330 2917 472 3003 crimine,
503 2923 540 2982 ut
571 2919 727 3003 iniquitas
752 2923 955 3008 aestimabat,
990 2923 1202 3008 inplicitum:
1217 2948 1246 3008 cc¹

174 3004 259 3086 quod
283 3029 302 3069 a
324 3005 456 3070 Macelli
478 3006 576 3072 fundo
599 3007 634 3072 in
655 3005 858 3094 Cappadocia
879 3013 988 3096 posito
1012 3013 1052 3078 ad
1075 3013 1203 3080 Asiam
1245 3011 1246 3055 1

173 3091 371 3177 demigrarat
385 3095 571 3161 liberalium
584 3096 743 3162 desiderio
758 3099 977 3167 doetrinanrm
995 3108 1024 3167 et
1035 3125 1095 3186 per
1110 3102 1203 3170 Con-

173 3181 420 3266 stantinopolim
438 3187 661 3251 transeuntem
679 3186 807 3253 uiderat
819 3189 964 3256 fratrem.
1001 3192 1031 3257 8.
1046 3193 1102 3276 qui
1118 3215 1203 3260 eum
1244 3219 1245 3279 1

240 3392 347 3446 tatere
370 3392 421 3446 VP
490 3397 559 3448 'lut
576 3395 602 3448 G
624 3397 654 3450 et
674 3395 761 3450 VPba
821 3401 983 3456 8transire
1007 3402 1088 3472 Pbyc
1110 3403 1204 3459 trans
1243 3445 1244 3450 1

169 3457 244 3511 reV
288 3464 318 3512 11
332 3459 433 3514 arbrtro
446 3459 526 3516 Ver
585 3469 617 3518 15
635 3463 783 3518 addiemae
801 3469 890 3521 sortes
908 3468 994 3523 etiam
1031 3471 1075 3524 ost
1106 3470 1203 3527 loc.8
1243 3459 1244 3501 1

167 3525 235 3595 ltu]
270 3525 321 3582 VP
349 3530 498 3606 acceptum
526 3530 807 3613 11111111111111111111.ι
863 3537 916 3591 *18
940 3487 1052 3608 cogitio
1085 3472 1204 3610 linqa

173 3598 205 3646 19
234 3596 375 3649 sententia
385 3635 513 3651 ........
543 3597 573 3651 id
606 3598 658 3652 VP
686 3602 857 3656 sententiam
888 3609 1008 3675 rogante
1043 3605 1074 3659 id
1103 3607 1205 3678 accipe
1242 3611 1243 3620 ’

169 3661 336 3717 2111111110
358 3662 385 3717 V
424 3670 456 3719 32
476 3667 667 3722 1101110111.
720 3669 920 3726 *3311111111
947 3672 999 3728 VP
1242 3629 1243 3723 1
